2200 3525
167 171 281 254 174Λ
740 159 1345 218 P'APILIONACEAE.
1631 114 1941 220 rumonim.

165 328 336 396 serui-na
367 326 592 369 evidenter
624 329 846 393 contracto
878 331 921 369 et
961 325 1064 369 hine
1105 331 1281 369 erenato
1325 325 1379 368 ab
1423 325 1630 370 affinibus
1675 327 1808 371 facile
1852 328 1947 387 dig-

161 392 370 428 noscitur.
433 386 586 427 Flores
619 385 725 426 albu.
1870 388 1912 429 J,

278 479 347 519 29.
393 474 444 514 T.
479 484 726 512 nummum
769 469 842 525 (L.
877 484 945 526 sp.
977 471 1114 521 1079,
1159 470 1350 512 exclusis
1395 473 1656 528 synonymis
1697 473 1944 529 plurimis,)

161 535 367 590 capitulis
416 531 701 572 subrotundis
747 529 927 584 densis,
989 530 1249 584 pedunculis
1303 530 1559 572 axillaribus
1606 533 1712 573 folio
1759 533 1947 586 denique

160 594 291 645 duplo
325 590 627 643 longioribus,
669 588 908 641 pedicellis
942 588 1185 641 defloratis
1221 588 1446 640 deflexis,
1493 589 1797 630 interior-ihm·
1830 591 1942 631 tabo

161 650 336 702 calycis
380 647 770 702 duplo-triplove
815 647 1133 700 lonyiorilms,
1185 647 1335 698 calyce
1379 647 1533 702 glabro
1567 648 1693 689 fauce
1725 649 1945 690 denudato

160 710 325 751 corolla
369 707 553 748 dimidia
601 707 827 757 breviore,
878 705 1084 744 dentibus
1130 705 1375 754 subttlutis,
1426 705 1597 745 duobus
1643 702 1944 760 superioribus

158 767 447 823 longiouibus,
482 764 697 806 caulibus·
728 762 1124 804 adscendentibus
1156 762 1456 816 gylemer-rimis·
1477 764 1733 816 simulas-is,
1768 765 1946 819 stipulis

157 828 298 867 ovatis
334 826 376 864 in
409 824 580 877 apicem
614 822 914 863 acutissimum
950 822 1214 871 attenuatis,
1247 821 1430 873 foliolis
1462 821 1711 862 rhombeo-
1732 822 1948 876 elliplicae’s

157 884 328 925 obtusis
362 882 602 923 serrulalis.
638 878 705 935 Q.
753 880 801 920 In
846 879 982 935 pratis
1020 879 1268 928 fertilibus,
1315 878 1520 920 humidis.
1584 879 1943 921 Maio-autumn.

155 942 328 984 Foliola
360 940 573 982 inferiora
605 940 809 979 obovata.
876 937 1025 977 Flores
1061 937 1178 988 albi,
1215 951 1310 977 mox
1347 938 1525 989 pulchre
1557 937 1687 978 rosei.
1723 937 1786 978 St.
1819 939 1856 978 h.
1881 941 1946 981 25.

155 1001 335 1043 Michel.
370 1012 469 1055 gen.
514 1003 543 1042 t.
565 1000 632 1040 25.
668 997 700 1038 f.
723 996 763 1037 5.
834 993 1065 1036 Trifolium
1101 995 1281 1050 elegans
1319 995 1552 1036 Reiclienb.
1601 996 1641 1036 fl.
1690 1010 1735 1051 g,
1782 997 1942 1038 exsicc.

155 1074 197 1104 n.
222 1060 318 1102 268.
381 1055 771 1098 T.Michelianum
808 1053 951 1094 Gaud.
986 1053 1097 1093 lielv.
1121 1054 1159 1094 4.
1194 1055 1293 1105 573,
1331 1054 1441 1109 (non
1477 1053 1597 1104 DC.)
1631 1054 1682 1095 T.
1709 1054 1945 1107 hybridam

155 1118 268 1159 Poll.
314 1117 444 1172 palat.
474 1118 512 1157 2.
548 1115 746 1169 p.330.‚
813 1112 920 1152 Roth
966 1118 1069 1153 tent.
1114 1111 1157 1156 fl.
1209 1126 1344 1166 germ.
1395 1118 1435 1152 et
1483 1113 1675 1152 omnium
1723 1118 1946 1154 auctorum

155 1190 292 1234 germ.
328 1181 368 1215 et
412 1187 530 1215 suec.
563 1197 622 1202 —
681 1170 924 1212 Linnaeum
971 1170 1114 1227 ipsum
1166 1170 1356 1224 plantam
1400 1170 1511 1210 hanc
1558 1184 1820 1224 perennem,
1872 1184 1948 1226 per

154 1241 287 1278 totam
326 1232 608 1274 Germaniam
643 1234 684 1270 et
717 1228 921 1270 sueciam
956 1230 1206 1282 vulgatam,
1252 1228 1334 1268 sub
1381 1243 1459 1269 suo
1492 1229 1542 1269 T.
1572 1228 1762 1283 'hybrido
1796 1243 1948 1283 propo-

154 1295 329 1345 suisse,
371 1297 413 1331 ct
455 1305 507 1330 ex
538 1288 686 1329 verbis
722 1288 764 1327 fl.
801 1300 920 1327 suec.
971 1287 1202 1340 „stipulae
1248 1287 1518 1327 lanceolatae
1565 1293 1746 1339 acutae,
1793 1288 1950 1328 foliola

155 1352 490 1399 ovato-acutaf‘,
526 1354 566 1388 et
593 1361 646 1387 ex
670 1347 802 1399 signo
829 1342 898 1399 Q,
933 1350 973 1385 et
1007 1357 1059 1384 ex
1092 1357 1142 1384 eo
1169 1350 1301 1397 patet,
1337 1345 1449 1399 quod
1477 1345 1677 1386 affinium
1701 1345 1947 1399 specierum

154 1411 276 1451 nulla
310 1408 396 1448 alia
429 1407 473 1447 in
509 1405 671 1446 Suecia
705 1403 947 1458 proveniat.
1012 1401 1075 1442 C1·.
1113 1400 1276 1442 Savius
1322 1402 1436 1444 hanc
1478 1404 1669 1457 speciem
1717 1417 1741 1442 a
1778 1417 1856 1444 suo
1890 1403 1945 1449 T,

152 1467 424 1510 Miclieliano
457 1478 543 1504 non
588 1462 871 1516 separavisse
912 1459 1113 1509 videtur,
1165 1473 1264 1499 nam
1313 1460 1357 1500 in
1405 1461 1607 1501 herbario
1640 1456 1947 1502 Froelicliia‘no

153 1525 374 1582 specimen
410 1523 539 1564 huius
572 1520 756 1575 speciei,
788 1519 871 1560 sub
902 1518 1080 1560 nomine
1100 1518 1156 1564 T.
1178 1518 1435 1560 Micheliani
1465 1519 1519 1561 ab
1551 1519 1650 1575 ipso
1683 1519 1736 1560 cl.
1772 1525 1949 1561 auctore

153 1586 358 1628 donatum
372 1614 383 1635 ,
419 1586 690 1623 asservatur.

267 1673 337 1715 30.
387 1670 443 1712 Τ.
478 1679 686 1710 ELEGANS
722 1665 856 1721 (Savi
889 1664 977 1706 bot.
1012 1669 1170 1707 etrusc.
1193 1662 1235 1709 4.
1270 1679 1312 1720 p.
1333 1661 1430 1718 42.)
1464 1663 1672 1718 capitulis
1707 1664 1944 1706 subrotun·

153 1732 221 1774 dis
255 1731 435 1782 densis,
470 1726 730 1780 pedunculis
765 1724 1025 1765 axillaribus
1059 1724 1164 1765 folio
1198 1724 1328 1777 duplo
1369 1722 1674 1777 longioribus,
1705 1723 1964 1777 pedicellis·

153 1790 399 1845 deflorati-5¹
443 1785 670 1840 deffleaeis,
718 1783 1024 1825 interioribus
1071 1783 1183 1823 tubo
1228 1780 1405 1833 calycis
1450 1781 1591 1833 triplo
1634 1781 1944 1836 lonyioribus,

153 1851 306 1901 calyce
353 1848 503 1903 glabro
561 1845 686 1884 fauce
741 1843 957 1882 denudato
1011 1842 1175 1881 corolla
1221 1839 1406 1880 dimidia
1450 1840 1676 1891 breviore,
1734 1836 1943 1881 dentibu's

153 1907 400 1956 subutatis,
450 1904 618 1944 duobus
653 1901 956 1954 superioribus
1003 1899 1309 1954 longioribus,
1361 1897 1574 1939 caulibus
1618 1899 1946 1939 adscendenti-

154 1966 240 2007 bus
283 1976 485 2018 superne
525 1958 891 2014 pubescentibus
933 1957 1124 2008 solidis,
1179 1956 1357 2010 stipulis
1413 1956 1846 1998 ovato—lanceolatis
1899 1958 1946 1998 in

154 2025 321 2081 apicem
358 2019 664 2062 acutissimum
711 2015 974 2064 attenuatis,
1011 2015 1197 2068 foliolis
1240 2014 1456 2054 ohovatis
1501 2015 1655 2068 argute
1701 2014 1944 2070 duplicato-

154 2082 396 2124 serrulatis.
432 2076 498 2132 Q
549 2077 596 2116 ln
633 2074 871 2124 montosis,
917 2073 1010 2123 (bei
1045 2072 1307 2126 Tliernberg
1339 2073 1384 2111 in
1424 2071 1780 2125 Unterostreich,
1815 2072 1944 2113 Zahl·

155 2141 397 2191 bruckner3
433 2137 503 2178 bei
536 2135 713 2184 Triest,
749 2131 956 2186 Hoppe!)
989 2130 1095 2171 Juu.
1130 2131 1218 2170 Jul.
1265 2130 1395 2170 Vaill.
1431 2143 1519 2184 par.
1554 2136 1583 2170 t.
1605 2132 1671 2173 22.
1708 2131 1736 2170 f.
1772 2132 1806 2173 1.
1874 2129 1947 2170 St-

152 2199 385 2241 millimum
419 2192 723 2245 antecedenti,
755 2191 831 2230 sed
866 2189 1068 2229 omnibus
1103 2189 1298 2242 partibus
1335 2187 1517 2228 dimidio
1552 2188 1721 2239 minus,
1756 2202 1945 2243 superne

155 2258 400 2315 pubescens
434 2261 475 2294 et
507 2250 684 2305 stipulis
718 2246 1050 2304 angustioribus
1085 2252 1126 2287 et
1158 2248 1296 2287 forma
1329 2247 1577 2287 foliolorum
1615 2246 1852 2287 diversum.

272 2314 510 2356 Trifolium
544 2308 859 2351 Micbelianum
895 2305 1002 2345 Savi
1038 2307 1126 2349 bot.
1170 2310 1246 2346 etr.
1267 2306 1307 2346 4.
1353 2318 1392 2359 p.
1418 2306 1513 2354 ltO.,
1559 2318 1613 2344 ex
1646 2305 1889 2357 specimine
1920 2318 1946 2346 a

156 2372 492 2417 Cl.Bertolonio
516 2370 562 2410 in
587 2366 790 2408 herbario
807 2363 1133 2412 Schultesiano‚
1163 2377 1187 2403 a
1211 2363 1379 2403 duobus
1408 2363 1772 2416 praecedentibus
1793 2364 1942 2407 mthis

155 2433 271 2476 notis
316 2430 486 2473 differt:
530 2425 669 2469 caulis
703 2424 894 2466 crassior
927 2422 1263 2473 multistriatus,
1309 2423 1352 2462 in
1388 2422 1507 2464 sicea
1542 2423 1691 2474 planta
1726 2421 1869 2462 mollis
1903 2426 1946 2462 et

155 2492 342 2542 flexilis,
386 2489 432 2530 in
466 2488 570 2528 viva
600 2483 728 2525 valde
761 2481 1015 2535 fistulosus3
1058 2480 1208 2534 petioli
1254 2480 1459 2520 foliorum
1495 2480 1768 2520 caulinorum
1802 2480 1943 2535 longi,

155 2549 448 2607 pedunculum
482 2549 749 2599 aequantes,
794 2540 864 2580 vel
908 2553 1004 2579 eum
1047 2544 1334 2592 superantes3
1379 2538 1532 2578 foliola
1565 2539 1774 2590 obovata‚
1825 2545 1943 2577 trun-

156 2604 590 2662 cato-emarginata,
636 2603 688 2641 ab
731 2598 855 2654 apice
897 2597 1052 2638 latiore
1099 2598 1223 2636 basin
1259 2610 1414 2636 versus
1448 2604 1710 2652 angustata3
1754 2595 1943 2648 stipulae

156 2679 340 2721 ovatae,
373 2667 552 2714 breves,
587 2658 839 2715 triangulo—
861 2654 1160 2706 acuminatae3
1202 2655 1396 2709 capitula
1439 2654 1564 2708 laxa,
1614 2654 1817 2709 pedicelli
1852 2651 1943 2692 lon-

155 2726 363 2783 gissimi,
389 2725 494 2763 tubo
527 2719 694 2774 calycis
727 2716 861 2756 multo
892 2715 1147 2769 longiores3
1191 2713 1342 2753 dentes
1376 2713 1543 2765 calycis
1579 2713 1941 2752 subulam-seta-

156 2785 251 2836 cei,
296 2782 447 2839 longi,
490 2779 654 2821 corolla
698 2773 880 2816 dimidia
910 2770 1149 2827 longiores.
1214 2771 1308 2812 Hoc
1340 2772 1384 2811 in
1419 2770 1646 2811 Littoralis
1679 2771 1747 2810 vel
1783 2769 1941 2810 Istriae

155 2842 264 2883 locis
299 2827 526 2895 paludosis
560 2833 868 2891 quaerendum.
898 2853 954 2861 -
1013 2829 1150 2869 Valde
1183 2829 1328 2869 simile
1365 2829 1466 2870 huic
1496 2829 1670 2882 plantae
1703 2834 1769 2868 est
1798 2827 1849 2866 T.
1868 2841 1942 2867 an-

156 2902 353 2957 gulatnm
381 2896 573 2949 W.Kit.‚
606 2893 719 2948 qnod
747 2892 857 2932 forte
884 2887 1044 2944 pariter
1070 2887 1113 2927 in
1142 2887 1271 2927 Isttia
1297 2887 1557 2942 reperiatur,
1589 2885 1733 2927 differt
1765 2891 1939 2927 tamen:

156 2959 358 2998 omnibus
392 2955 591 3010 partibus
635 2950 819 2996 dimidio
864 2947 1031 2997 minus,
1078 2946 1219 2985 caulis
1264 2946 1436 2995 tenuis;
1486 2945 1674 2997 stipulae
1719 2958 1770 2985 ex
1813 2951 1943 2983 ovata

157 3017 251 3056 basi
286 3013 852 3059 lanceolam—attenuatae,
887 3004 1087 3061 pedicelli
1124 3016 1210 3043 non
1244 3003 1350 3044 adeo
1385 3001 1523 3058 longi,
1567 3001 1718 3043 dentes
1751 3002 1943 3057 calycini

155 3075 237 3115 sub
270 3072 440 3114 antbesi
475 3071 635 3111 corolla
670 3068 799 3122 paulo
834 3070 997 3104 tantum
1033 3061 1271 3110 breviores,
1308 3069 1347 3101 et
1382 3062 1589 3101 vexillum
1618 3062 1940 3110 acutissimum,

157 3133 272 3187 quod
306 3132 350 3171 in
383 3130 435 3171 T.
469 3129 742 3170 Miclieliano
776 3125 901 3178 apice
932 3122 1086 3162 obtuso
1117 3119 1377 3160 instructum
1412 3124 1491 3160 est.

282 3229 376 3263 Sect.
401 3229 479 3262 vll.
527 3228 854 3260 Cnaoxosmuum.
878 3221 951 3254 Dc.
982 3221 1100 3263 prodr.
1123 3221 1157 3252 2².
1184 3229 1217 3260 p.
1236 3218 1312 3250 2011.
1360 3219 1486 3250 Flores
1511 3220 1546 3251 in
1573 3217 1735 3258 capitulo
1763 3216 1817 3247 vel
1843 3217 1946 3257 spica

155 3275 304 3318 longius
337 3276 527 3305 breviusve
562 3271 782 3313 pedicellati.
840 3266 976 3308 Calycis
1004 3264 1103 3304 saux
1137 3264 1278 3294 interne
1311 3263 1507 3304 denudata,
1543 3262 1667 3292 dentes
1701 3261 1944 3300 subaequales

155 3319 214 3353 vel
236 3319 309 3351 duo
332 3317 543 3360 superiores
569 3315 765 3348 breviores.
813 3312 891 3346 Cor.
913 3311 998 3354 post
1020 3307 1186 3342 antlaeesin
1214 3306 1439 3348 persistens,
1482 3306 1666 3338 scm-losa,
1702 3305 1835 3336 vexillo
1868 3312 1944 3334 con-
