<?xml version="1.0" encoding="UTF-8"?>
<!DOCTYPE html PUBLIC "-//W3C//DTD XHTML 1.0 Transitional//EN"
    "http://www.w3.org/TR/xhtml1/DTD/xhtml1-transitional.dtd">
<html xmlns="http://www.w3.org/1999/xhtml" xml:lang="en" lang="en">
 <head>
  <title>
</title>
<meta http-equiv="Content-Type" content="text/html;charset=utf-8" />
  <meta name='ocr-system' content='tesseract 3.04.00' />
  <meta name='ocr-capabilities' content='ocr_page ocr_carea ocr_par ocr_line ocrx_word'/>
</head>
<body>
  <div class='ocr_page' id='page_1' title='image "./synopsisfloraege00koch_0786.png"; bbox 0 0 2200 3525; ppageno 0'>
   <div class='ocr_carea' id='block_1_1' title="bbox 282 151 2052 214">
    <p class='ocr_par' dir='ltr' id='par_1_1' title="bbox 282 151 2052 214">
     <span class='ocr_line' id='line_1_1' title="bbox 282 151 2052 214; baseline -0.002 0"><span class='ocrx_word' id='word_1_1' title='bbox 282 166 382 214; x_wconf 77' lang='lat'>&#39;720</span> <span class='ocrx_word' id='word_1_2' title='bbox 962 151 1366 207; x_wconf 79' lang='lat' dir='ltr'><strong>LlLlACEAE.</strong></span> <span class='ocrx_word' id='word_1_3' title='bbox 1832 175 2052 211; x_wconf 63' lang='lat' dir='ltr'>Annum.</span> 
     </span>
    </p>
   </div>
   <div class='ocr_carea' id='block_1_2' title="bbox 279 314 2051 381">
    <p class='ocr_par' dir='ltr' id='par_1_2' title="bbox 279 314 2051 381">
     <span class='ocr_line' id='line_1_2' title="bbox 279 314 2051 381; baseline -0.003 -15"><span class='ocrx_word' id='word_1_4' title='bbox 279 325 466 381; x_wconf 65' lang='lat' dir='ltr'>yissime</span> <span class='ocrx_word' id='word_1_5' title='bbox 504 325 719 362; x_wconf 75' lang='lat' dir='ltr'>rostrata</span> <span class='ocrx_word' id='word_1_6' title='bbox 732 345 745 370; x_wconf 85' lang='lat'>‚</span> <span class='ocrx_word' id='word_1_7' title='bbox 787 315 988 357; x_wconf 74' lang='lat' dir='ltr'>umbella</span> <span class='ocrx_word' id='word_1_8' title='bbox 1032 314 1294 369; x_wconf 80' lang='lat' dir='ltr'>bulbifera,</span> <span class='ocrx_word' id='word_1_9' title='bbox 1343 316 1628 359; x_wconf 75' lang='lat' dir='ltr'>staminibus</span> <span class='ocrx_word' id='word_1_10' title='bbox 1669 317 1902 360; x_wconf 76' lang='lat' dir='ltr'><em>edentulis</em></span> <span class='ocrx_word' id='word_1_11' title='bbox 1930 319 2051 372; x_wconf 80' lang='lat' dir='ltr'>peri-</span> 
     </span>
    </p>
   </div>
   <div class='ocr_carea' id='block_1_3' title="bbox 277 371 2050 495">
    <p class='ocr_par' dir='ltr' id='par_1_3' title="bbox 277 371 2050 495">
     <span class='ocr_line' id='line_1_3' title="bbox 278 371 2050 439; baseline -0.002 -16"><span class='ocrx_word' id='word_1_12' title='bbox 278 384 466 439; x_wconf 75' lang='lat'>90711&#39;11712</span> <span class='ocrx_word' id='word_1_13' title='bbox 496 375 923 432; x_wconf 70' lang='lat' dir='ltr'>subaequarztibus‚</span> <span class='ocrx_word' id='word_1_14' title='bbox 958 374 1177 428; x_wconf 80' lang='lat' dir='ltr'>perigonii</span> <span class='ocrx_word' id='word_1_15' title='bbox 1210 374 1379 439; x_wconf 87' lang='lat' dir='ltr'>phyllis</span> <span class='ocrx_word' id='word_1_16' title='bbox 1413 376 1594 417; x_wconf 86' lang='lat' dir='ltr'>obtusis.</span> <span class='ocrx_word' id='word_1_17' title='bbox 1631 371 1701 430; x_wconf 63' lang='lat'>21..</span> <span class='ocrx_word' id='word_1_18' title='bbox 1737 377 1786 416; x_wconf 90' lang='lat' dir='ltr'>ln</span> <span class='ocrx_word' id='word_1_19' title='bbox 1821 377 1961 432; x_wconf 78' lang='lat' dir='ltr'>agriS‚</span> <span class='ocrx_word' id='word_1_20' title='bbox 1996 377 2050 419; x_wconf 80' lang='lat' dir='ltr'>ad</span> 
     </span>
     <span class='ocr_line' id='line_1_4' title="bbox 277 430 2046 495; baseline -0.002 -16"><span class='ocrx_word' id='word_1_21' title='bbox 277 454 414 495; x_wconf 71' lang='lat' dir='ltr'>sepes.</span> <span class='ocrx_word' id='word_1_22' title='bbox 476 437 573 476; x_wconf 79' lang='lat' dir='ltr'>Jun.</span> <span class='ocrx_word' id='word_1_23' title='bbox 607 435 698 474; x_wconf 83' lang='lat' dir='ltr'>Jul.</span> <span class='ocrx_word' id='word_1_24' title='bbox 761 433 814 475; x_wconf 87' lang='lat' dir='ltr'>A.</span> <span class='ocrx_word' id='word_1_25' title='bbox 836 432 1080 473; x_wconf 81' lang='lat' dir='ltr'>carinatum</span> <span class='ocrx_word' id='word_1_26' title='bbox 1110 430 1291 473; x_wconf 82' lang='lat' dir='ltr'>Pollich.</span> <span class='ocrx_word' id='word_1_27' title='bbox 1323 434 1408 488; x_wconf 87' lang='lat' dir='ltr'>pal.</span> <span class='ocrx_word' id='word_1_28' title='bbox 1429 439 1464 476; x_wconf 84' lang='lat'>1.</span> <span class='ocrx_word' id='word_1_29' title='bbox 1498 436 1652 488; x_wconf 80' lang='lat' dir='ltr'>p.327.</span> <span class='ocrx_word' id='word_1_30' title='bbox 1716 433 1769 476; x_wconf 93' lang='grc' dir='ltr'>Ο.</span> <span class='ocrx_word' id='word_1_31' title='bbox 1803 435 2046 477; x_wconf 84' lang='lat' dir='ltr'>oleraceum</span> 
     </span>
    </p>
   </div>
   <div class='ocr_carea' id='block_1_4' title="bbox 269 490 2048 778">
    <p class='ocr_par' dir='ltr' id='par_1_4' title="bbox 269 490 2048 778">
     <span class='ocr_line' id='line_1_5' title="bbox 277 490 2047 557; baseline -0.001 -20"><span class='ocrx_word' id='word_1_32' title='bbox 277 509 315 557; x_wconf 79' lang='grc' dir='ltr'>β.</span> <span class='ocrx_word' id='word_1_33' title='bbox 352 498 403 537; x_wconf 93' lang='lat' dir='ltr'>D.</span> <span class='ocrx_word' id='word_1_34' title='bbox 439 495 477 538; x_wconf 84' lang='lat' dir='ltr'>fl.</span> <span class='ocrx_word' id='word_1_35' title='bbox 502 497 537 536; x_wconf 77' lang='lat'>2.</span> <span class='ocrx_word' id='word_1_36' title='bbox 584 507 622 547; x_wconf 86' lang='lat' dir='ltr'>p.</span> <span class='ocrx_word' id='word_1_37' title='bbox 642 491 738 535; x_wconf 84' lang='lat'>529.</span> <span class='ocrx_word' id='word_1_38' title='bbox 800 490 856 532; x_wconf 81' lang='grc' dir='ltr'>Α.</span> <span class='ocrx_word' id='word_1_39' title='bbox 891 491 1133 531; x_wconf 85' lang='lat' dir='ltr'>oleraceum</span> <span class='ocrx_word' id='word_1_40' title='bbox 1168 498 1207 548; x_wconf 86' lang='grc' dir='ltr'>β.</span> <span class='ocrx_word' id='word_1_41' title='bbox 1241 492 1563 546; x_wconf 85' lang='lat' dir='ltr'>complanatum</span> <span class='ocrx_word' id='word_1_42' title='bbox 1599 491 1742 533; x_wconf 84' lang='lat' dir='ltr'>Fries.</span> <span class='ocrx_word' id='word_1_43' title='bbox 1778 506 1877 534; x_wconf 81' lang='lat' dir='ltr'>nov,</span> <span class='ocrx_word' id='word_1_44' title='bbox 1915 493 1980 534; x_wconf 89' lang='lat' dir='ltr'>ed.</span> <span class='ocrx_word' id='word_1_45' title='bbox 2007 497 2047 537; x_wconf 80' lang='lat'>2.</span> 
     </span>
     <span class='ocr_line' id='line_1_6' title="bbox 273 549 2046 612; baseline -0.001 -17"><span class='ocrx_word' id='word_1_46' title='bbox 273 572 311 612; x_wconf 89' lang='lat' dir='ltr'>p.</span> <span class='ocrx_word' id='word_1_47' title='bbox 329 557 395 597; x_wconf 84' lang='lat'>85.</span> <span class='ocrx_word' id='word_1_48' title='bbox 458 551 621 591; x_wconf 78' lang='lat' dir='ltr'>Haller.</span> <span class='ocrx_word' id='word_1_49' title='bbox 656 549 708 590; x_wconf 92' lang='lat' dir='ltr'>de</span> <span class='ocrx_word' id='word_1_50' title='bbox 742 549 817 594; x_wconf 81' lang='lat' dir='ltr'>all.</span> <span class='ocrx_word' id='word_1_51' title='bbox 851 551 981 603; x_wconf 77' lang='lat' dir='ltr'>p.51.</span> <span class='ocrx_word' id='word_1_52' title='bbox 1017 562 1055 588; x_wconf 90' lang='lat' dir='ltr'>n.</span> <span class='ocrx_word' id='word_1_53' title='bbox 1084 549 1152 590; x_wconf 74' lang='lat'>24.</span> <span class='ocrx_word' id='word_1_54' title='bbox 1186 553 1215 588; x_wconf 88' lang='lat' dir='ltr'>t.</span> <span class='ocrx_word' id='word_1_55' title='bbox 1234 552 1274 591; x_wconf 85' lang='lat'>2.</span> <span class='ocrx_word' id='word_1_56' title='bbox 1310 549 1343 590; x_wconf 87' lang='lat' dir='ltr'>f.</span> <span class='ocrx_word' id='word_1_57' title='bbox 1373 549 1536 591; x_wconf 84' lang='lat' dir='ltr'>dextra.</span> <span class='ocrx_word' id='word_1_58' title='bbox 1599 550 1806 592; x_wconf 78' lang='lat' dir='ltr'>Hallerus</span> <span class='ocrx_word' id='word_1_59' title='bbox 1839 551 1948 593; x_wconf 81' lang='lat' dir='ltr'>folia</span> <span class='ocrx_word' id='word_1_60' title='bbox 1980 565 2046 594; x_wconf 86' lang='lat' dir='ltr'>ca-</span> 
     </span>
     <span class='ocr_line' id='line_1_7' title="bbox 274 599 2048 665; baseline -0.001 -12"><span class='ocrx_word' id='word_1_61' title='bbox 274 616 412 654; x_wconf 79' lang='lat' dir='ltr'>rinata</span> <span class='ocrx_word' id='word_1_62' title='bbox 437 609 555 660; x_wconf 85' lang='lat' dir='ltr'>dicit,</span> <span class='ocrx_word' id='word_1_63' title='bbox 591 608 669 649; x_wconf 92' lang='lat' dir='ltr'>sed</span> <span class='ocrx_word' id='word_1_64' title='bbox 693 608 754 648; x_wconf 85' lang='lat' dir='ltr'>ita</span> <span class='ocrx_word' id='word_1_65' title='bbox 780 621 848 648; x_wconf 88' lang='lat' dir='ltr'>res</span> <span class='ocrx_word' id='word_1_66' title='bbox 877 620 924 648; x_wconf 89' lang='lat' dir='ltr'>se</span> <span class='ocrx_word' id='word_1_67' title='bbox 952 619 1035 647; x_wconf 87' lang='lat' dir='ltr'>non</span> <span class='ocrx_word' id='word_1_68' title='bbox 1072 605 1218 657; x_wconf 81' lang='lat' dir='ltr'>habet,</span> <span class='ocrx_word' id='word_1_69' title='bbox 1252 620 1351 647; x_wconf 87' lang='lat' dir='ltr'>nam</span> <span class='ocrx_word' id='word_1_70' title='bbox 1382 609 1537 649; x_wconf 88' lang='lat' dir='ltr'>multi—</span> <span class='ocrx_word' id='word_1_71' title='bbox 1558 612 1652 654; x_wconf 88' lang='lat'>7-9</span> <span class='ocrx_word' id='word_1_72' title='bbox 1684 599 1853 660; x_wconf 78' lang='lat' dir='ltr'>stria&#39;ta‚</span> <span class='ocrx_word' id='word_1_73' title='bbox 1889 612 1977 665; x_wconf 84' lang='lat' dir='ltr'>vel,</span> <span class='ocrx_word' id='word_1_74' title='bbox 2008 610 2048 651; x_wconf 87' lang='lat' dir='ltr'>si</span> 
     </span>
     <span class='ocr_line' id='line_1_8' title="bbox 271 664 2047 721; baseline -0.001 -9"><span class='ocrx_word' id='word_1_75' title='bbox 271 671 436 720; x_wconf 76' lang='lat' dir='ltr'>mavis,</span> <span class='ocrx_word' id='word_1_76' title='bbox 487 666 785 708; x_wconf 81' lang='lat' dir='ltr'>multisulcata</span> <span class='ocrx_word' id='word_1_77' title='bbox 827 670 956 716; x_wconf 84' lang='lat' dir='ltr'>sunt,</span> <span class='ocrx_word' id='word_1_78' title='bbox 1003 664 1124 704; x_wconf 77' lang='lat' dir='ltr'>nulla</span> <span class='ocrx_word' id='word_1_79' title='bbox 1156 669 1298 705; x_wconf 86' lang='lat' dir='ltr'>autem</span> <span class='ocrx_word' id='word_1_80' title='bbox 1333 666 1484 707; x_wconf 86' lang='lat' dir='ltr'>carina</span> <span class='ocrx_word' id='word_1_81' title='bbox 1517 668 1747 721; x_wconf 76' lang='lat' dir='ltr'>prominet.</span> <span class='ocrx_word' id='word_1_82' title='bbox 1819 668 2047 710; x_wconf 79' lang='lat' dir='ltr'>Linnaeus</span> 
     </span>
     <span class='ocr_line' id='line_1_9' title="bbox 269 722 1929 778; baseline -0.001 -8"><span class='ocrx_word' id='word_1_83' title='bbox 269 741 420 770; x_wconf 84' lang='lat' dir='ltr'>nomen</span> <span class='ocrx_word' id='word_1_84' title='bbox 452 727 559 767; x_wconf 88' lang='lat' dir='ltr'>Allii</span> <span class='ocrx_word' id='word_1_85' title='bbox 590 724 777 766; x_wconf 84' lang='lat' dir='ltr'>carinati</span> <span class='ocrx_word' id='word_1_86' title='bbox 809 725 974 778; x_wconf 79' lang='lat' dir='ltr'><strong>absque</strong></span> <span class='ocrx_word' id='word_1_87' title='bbox 1007 722 1140 763; x_wconf 88' lang='lat' dir='ltr'>dubio</span> <span class='ocrx_word' id='word_1_88' title='bbox 1173 736 1196 764; x_wconf 92' lang='lat' dir='ltr'>e</span> <span class='ocrx_word' id='word_1_89' title='bbox 1227 723 1379 778; x_wconf 84' lang='lat' dir='ltr'>phrasi</span> <span class='ocrx_word' id='word_1_90' title='bbox 1411 723 1669 766; x_wconf 84' lang='lat' dir='ltr'>Halleriana</span> <span class='ocrx_word' id='word_1_91' title='bbox 1701 728 1929 768; x_wconf 82' lang='lat' dir='ltr'><strong>mutuavit.</strong></span> 
     </span>
    </p>
   </div>
   <div class='ocr_carea' id='block_1_5' title="bbox 258 809 2048 1275">
    <p class='ocr_par' dir='ltr' id='par_1_5' title="bbox 258 809 2048 1275">
     <span class='ocr_line' id='line_1_10' title="bbox 379 809 2048 867; baseline 0.002 -16"><span class='ocrx_word' id='word_1_92' title='bbox 379 813 448 857; x_wconf 74' lang='grc'>24,</span> <span class='ocrx_word' id='word_1_93' title='bbox 501 813 550 852; x_wconf 89' lang='lat' dir='ltr'>A.</span> <span class='ocrx_word' id='word_1_94' title='bbox 583 823 772 852; x_wconf 70' lang='lat' dir='ltr'>rm-:xmvr</span> <span class='ocrx_word' id='word_1_95' title='bbox 810 810 1023 866; x_wconf 83' lang='lat' dir='ltr'>(Waldst.</span> <span class='ocrx_word' id='word_1_96' title='bbox 1060 815 1101 851; x_wconf 87' lang='lat' dir='ltr'>et</span> <span class='ocrx_word' id='word_1_97' title='bbox 1132 809 1225 851; x_wconf 81' lang='lat' dir='ltr'>Kit.</span> <span class='ocrx_word' id='word_1_98' title='bbox 1258 810 1319 865; x_wconf 91' lang='lat' dir='ltr'>pl.</span> <span class='ocrx_word' id='word_1_99' title='bbox 1355 824 1437 851; x_wconf 88' lang='lat' dir='ltr'>rar.</span> <span class='ocrx_word' id='word_1_100' title='bbox 1472 811 1609 866; x_wconf 72' lang='lat' dir='ltr'>hung.</span> <span class='ocrx_word' id='word_1_101' title='bbox 1631 814 1674 857; x_wconf 85' lang='lat'>3.</span> <span class='ocrx_word' id='word_1_102' title='bbox 1710 816 1739 853; x_wconf 88' lang='lat' dir='ltr'>t.</span> <span class='ocrx_word' id='word_1_103' title='bbox 1759 812 1887 867; x_wconf 86' lang='lat'>278.)</span> <span class='ocrx_word' id='word_1_104' title='bbox 1923 813 2048 856; x_wconf 83' lang='lat' dir='ltr'>caule</span> 
     </span>
     <span class='ocr_line' id='line_1_11' title="bbox 266 868 2044 926; baseline -0.001 -13"><span class='ocrx_word' id='word_1_105' title='bbox 266 873 387 914; x_wconf 78' lang='lat' dir='ltr'>tereti</span> <span class='ocrx_word' id='word_1_106' title='bbox 422 870 474 911; x_wconf 85' lang='lat' dir='ltr'>ad</span> <span class='ocrx_word' id='word_1_107' title='bbox 509 869 695 911; x_wconf 87' lang='lat' dir='ltr'>medium</span> <span class='ocrx_word' id='word_1_108' title='bbox 727 869 896 918; x_wconf 85' lang='lat' dir='ltr'>foliato,</span> <span class='ocrx_word' id='word_1_109' title='bbox 932 869 1055 909; x_wconf 85' lang='lat' dir='ltr'>foliis</span> <span class='ocrx_word' id='word_1_110' title='bbox 1089 868 1333 909; x_wconf 79' lang='lat' dir='ltr'>linearibus</span> <span class='ocrx_word' id='word_1_111' title='bbox 1367 870 1513 924; x_wconf 81' lang='lat' dir='ltr'>planis</span> <span class='ocrx_word' id='word_1_112' title='bbox 1548 870 1749 924; x_wconf 83' lang='lat' dir='ltr'><strong>pulposis</strong></span> <span class='ocrx_word' id='word_1_113' title='bbox 1783 872 1941 911; x_wconf 79' lang='lat' dir='ltr'>subtus</span> <span class='ocrx_word' id='word_1_114' title='bbox 1971 873 2044 926; x_wconf 88' lang='lat' dir='ltr'>(in</span> 
     </span>
     <span class='ocr_line' id='line_1_12' title="bbox 265 926 2045 984; baseline -0.001 -13"><span class='ocrx_word' id='word_1_115' title='bbox 265 932 362 971; x_wconf 84' lang='lat' dir='ltr'>viva</span> <span class='ocrx_word' id='word_1_116' title='bbox 397 929 570 984; x_wconf 84' lang='lat' dir='ltr'>planta)</span> <span class='ocrx_word' id='word_1_117' title='bbox 603 928 768 969; x_wconf 78' lang='lat' dir='ltr'>obtuse</span> <span class='ocrx_word' id='word_1_118' title='bbox 800 934 840 969; x_wconf 81' lang='lat' dir='ltr'>et</span> <span class='ocrx_word' id='word_1_119' title='bbox 871 928 1034 969; x_wconf 79' lang='lat' dir='ltr'>leviter</span> <span class='ocrx_word' id='word_1_120' title='bbox 1065 927 1254 968; x_wconf 73' lang='lat' dir='ltr'>striacis</span> <span class='ocrx_word' id='word_1_121' title='bbox 1285 928 1500 981; x_wconf 46' lang='lat' dir='ltr'>mar-,qt‘ue</span> <span class='ocrx_word' id='word_1_122' title='bbox 1544 928 1728 981; x_wconf 71' lang='lat' dir='ltr'>acutis,</span> <span class='ocrx_word' id='word_1_123' title='bbox 1779 926 1946 983; x_wconf 72' lang='lat' dir='ltr'>spatha‘</span> <span class='ocrx_word' id='word_1_124' title='bbox 1982 929 2045 970; x_wconf 88' lang='lat' dir='ltr'>bi·</span> 
     </span>
     <span class='ocr_line' id='line_1_13' title="bbox 262 986 2041 1043; baseline 0 -14"><span class='ocrx_word' id='word_1_125' title='bbox 262 989 377 1029; x_wconf 83' lang='lat' dir='ltr'>valvi</span> <span class='ocrx_word' id='word_1_126' title='bbox 414 987 702 1043; x_wconf 76' lang='lat' dir='ltr'><strong>persistente,</strong></span> <span class='ocrx_word' id='word_1_127' title='bbox 735 986 922 1028; x_wconf 76' lang='lat' dir='ltr'>vulvula</span> <span class='ocrx_word' id='word_1_128' title='bbox 955 987 1109 1026; x_wconf 75' lang='lat' dir='ltr'>altera</span> <span class='ocrx_word' id='word_1_129' title='bbox 1141 986 1410 1040; x_wconf 69' lang='lat' dir='ltr'>lonyissime</span> <span class='ocrx_word' id='word_1_130' title='bbox 1442 995 1685 1038; x_wconf 71' lang='lat' dir='ltr'>rostrata,</span> <span class='ocrx_word' id='word_1_131' title='bbox 1719 988 1912 1029; x_wconf 81' lang='lat' dir='ltr'>umbella</span> <span class='ocrx_word' id='word_1_132' title='bbox 1945 989 2041 1030; x_wconf 91' lang='lat' dir='ltr'>bul-</span> 
     </span>
     <span class='ocr_line' id='line_1_14' title="bbox 261 1044 2047 1102; baseline 0.001 -15"><span class='ocrx_word' id='word_1_133' title='bbox 261 1048 404 1087; x_wconf 83' lang='lat' dir='ltr'>bifera</span> <span class='ocrx_word' id='word_1_134' title='bbox 458 1047 527 1086; x_wconf 89' lang='lat' dir='ltr'>vel</span> <span class='ocrx_word' id='word_1_135' title='bbox 579 1046 873 1098; x_wconf 73' lang='lat' dir='ltr'>capsutifera,</span> <span class='ocrx_word' id='word_1_136' title='bbox 929 1044 1215 1086; x_wconf 67' lang='lat' dir='ltr'>staminibus·</span> <span class='ocrx_word' id='word_1_137' title='bbox 1266 1046 1497 1087; x_wconf 78' lang='lat' dir='ltr'><em>edentulis</em></span> <span class='ocrx_word' id='word_1_138' title='bbox 1548 1045 1796 1100; x_wconf 70' lang='lat' dir='ltr'>periyo&#39;m&#39;o</span> <span class='ocrx_word' id='word_1_139' title='bbox 1847 1047 2047 1102; x_wconf 82' lang='lat' dir='ltr'>denique</span> 
     </span>
     <span class='ocr_line' id='line_1_15' title="bbox 261 1103 2044 1160; baseline 0 -14"><span class='ocrx_word' id='word_1_140' title='bbox 261 1106 401 1158; x_wconf 78' lang='lat' dir='ltr'>duplo</span> <span class='ocrx_word' id='word_1_141' title='bbox 433 1104 745 1158; x_wconf 55' lang='lat' dir='ltr'>lonqioffbus,</span> <span class='ocrx_word' id='word_1_142' title='bbox 791 1103 1011 1160; x_wconf 80' lang='lat' dir='ltr'>perigonii</span> <span class='ocrx_word' id='word_1_143' title='bbox 1055 1103 1219 1157; x_wconf 82' lang='lat' dir='ltr'><strong>phyllis</strong></span> <span class='ocrx_word' id='word_1_144' title='bbox 1264 1103 1699 1159; x_wconf 78' lang='lat' dir='ltr'>oblongo-obovatis</span> <span class='ocrx_word' id='word_1_145' title='bbox 1745 1104 1870 1159; x_wconf 81' lang='lat' dir='ltr'><strong>apice</strong></span> <span class='ocrx_word' id='word_1_146' title='bbox 1914 1105 2044 1147; x_wconf 82' lang='lat' dir='ltr'>valde</span> 
     </span>
     <span class='ocr_line' id='line_1_16' title="bbox 260 1160 2039 1218; baseline 0 -13"><span class='ocrx_word' id='word_1_147' title='bbox 260 1163 464 1205; x_wconf 77' lang='lat' dir='ltr'>concavis</span> <span class='ocrx_word' id='word_1_148' title='bbox 499 1162 912 1203; x_wconf 83' lang='lat' dir='ltr'>truncato-obtusis</span> <span class='ocrx_word' id='word_1_149' title='bbox 947 1162 1337 1214; x_wconf 68' lang='lat' dir='ltr'>subernarginatis.</span> <span class='ocrx_word' id='word_1_150' title='bbox 1363 1160 1430 1214; x_wconf 70' lang='lat'>21..</span> <span class='ocrx_word' id='word_1_151' title='bbox 1464 1162 1514 1203; x_wconf 89' lang='lat' dir='ltr'>In</span> <span class='ocrx_word' id='word_1_152' title='bbox 1551 1162 1736 1204; x_wconf 87' lang='lat' dir='ltr'>collibus</span> <span class='ocrx_word' id='word_1_153' title='bbox 1770 1163 2039 1218; x_wconf 84' lang='lat' dir='ltr'>dumetosis,</span> 
     </span>
     <span class='ocr_line' id='line_1_17' title="bbox 258 1219 2040 1275; baseline 0 -12"><span class='ocrx_word' id='word_1_154' title='bbox 258 1223 384 1263; x_wconf 85' lang='lat' dir='ltr'>etiam</span> <span class='ocrx_word' id='word_1_155' title='bbox 406 1223 450 1262; x_wconf 87' lang='lat' dir='ltr'>in</span> <span class='ocrx_word' id='word_1_156' title='bbox 471 1221 616 1273; x_wconf 87' lang='lat' dir='ltr'>cultis,</span> <span class='ocrx_word' id='word_1_157' title='bbox 647 1220 773 1275; x_wconf 83' lang='lat' dir='ltr'>(sehr</span> <span class='ocrx_word' id='word_1_158' title='bbox 794 1226 1036 1268; x_wconf 77' lang='lat' dir='ltr'>zerstreut3</span> <span class='ocrx_word' id='word_1_159' title='bbox 1069 1219 1142 1260; x_wconf 85' lang='lat' dir='ltr'>ich</span> <span class='ocrx_word' id='word_1_160' title='bbox 1166 1220 1331 1260; x_wconf 88' lang='lat' dir='ltr'>besitze</span> <span class='ocrx_word' id='word_1_161' title='bbox 1356 1220 1426 1261; x_wconf 89' lang='lat' dir='ltr'>die</span> <span class='ocrx_word' id='word_1_162' title='bbox 1440 1220 1622 1261; x_wconf 81' lang='lat' dir='ltr'>Pflanze</span> <span class='ocrx_word' id='word_1_163' title='bbox 1649 1233 1729 1261; x_wconf 87' lang='lat' dir='ltr'>aus</span> <span class='ocrx_word' id='word_1_164' title='bbox 1755 1221 1794 1261; x_wconf 94' lang='lat' dir='ltr'>d.</span> <span class='ocrx_word' id='word_1_165' title='bbox 1813 1219 2040 1274; x_wconf 84' lang='lat' dir='ltr'>Schweiz,</span> 
     </span>
    </p>
   </div>
   <div class='ocr_carea' id='block_1_6' title="bbox 255 1277 2038 1392">
    <p class='ocr_par' dir='ltr' id='par_1_6' title="bbox 255 1277 2038 1392">
     <span class='ocr_line' id='line_1_18' title="bbox 257 1277 2038 1336; baseline 0.002 -15"><span class='ocrx_word' id='word_1_166' title='bbox 257 1281 295 1321; x_wconf 91' lang='lat' dir='ltr'>d.</span> <span class='ocrx_word' id='word_1_167' title='bbox 331 1281 441 1321; x_wconf 83' lang='lat' dir='ltr'>siidl.</span> <span class='ocrx_word' id='word_1_168' title='bbox 475 1279 635 1335; x_wconf 85' lang='lat' dir='ltr'>Tyrol,</span> <span class='ocrx_word' id='word_1_169' title='bbox 671 1292 753 1319; x_wconf 90' lang='lat' dir='ltr'>von</span> <span class='ocrx_word' id='word_1_170' title='bbox 788 1278 965 1319; x_wconf 81' lang='lat' dir='ltr'>Franks.</span> <span class='ocrx_word' id='word_1_171' title='bbox 1000 1292 1036 1318; x_wconf 85' lang='lat' dir='ltr'>a.</span> <span class='ocrx_word' id='word_1_172' title='bbox 1071 1278 1111 1319; x_wconf 88' lang='lat' dir='ltr'>d.</span> <span class='ocrx_word' id='word_1_173' title='bbox 1149 1277 1233 1331; x_wconf 85' lang='lat' dir='ltr'>O.;</span> <span class='ocrx_word' id='word_1_174' title='bbox 1265 1279 1375 1319; x_wconf 83' lang='lat' dir='ltr'>nach</span> <span class='ocrx_word' id='word_1_175' title='bbox 1409 1293 1449 1320; x_wconf 84' lang='lat' dir='ltr'>v,</span> <span class='ocrx_word' id='word_1_176' title='bbox 1485 1278 1703 1320; x_wconf 87' lang='lat' dir='ltr'>Schleeht.</span> <span class='ocrx_word' id='word_1_177' title='bbox 1739 1279 1808 1321; x_wconf 90' lang='lat' dir='ltr'>bei</span> <span class='ocrx_word' id='word_1_178' title='bbox 1841 1279 2038 1336; x_wconf 85' lang='lat' dir='ltr'>Berlin.)</span> 
     </span>
     <span class='ocr_line' id='line_1_19' title="bbox 255 1335 2038 1392; baseline -0.001 -12"><span class='ocrx_word' id='word_1_179' title='bbox 255 1338 354 1380; x_wconf 69' lang='grc' dir='ltr'>δυο.</span> <span class='ocrx_word' id='word_1_180' title='bbox 387 1338 477 1379; x_wconf 85' lang='lat' dir='ltr'>Jul.</span> <span class='ocrx_word' id='word_1_181' title='bbox 550 1337 603 1378; x_wconf 91' lang='lat' dir='ltr'>A.</span> <span class='ocrx_word' id='word_1_182' title='bbox 638 1337 879 1378; x_wconf 85' lang='lat' dir='ltr'>carinatum</span> <span class='ocrx_word' id='word_1_183' title='bbox 926 1336 1070 1377; x_wconf 83' lang='lat' dir='ltr'>Fries.</span> <span class='ocrx_word' id='word_1_184' title='bbox 1117 1349 1215 1377; x_wconf 67' lang='lat' dir='ltr'>now</span> <span class='ocrx_word' id='word_1_185' title='bbox 1263 1336 1328 1378; x_wconf 90' lang='lat' dir='ltr'>ed.</span> <span class='ocrx_word' id='word_1_186' title='bbox 1352 1340 1392 1380; x_wconf 84' lang='lat'>2.</span> <span class='ocrx_word' id='word_1_187' title='bbox 1437 1351 1477 1392; x_wconf 95' lang='lat' dir='ltr'>p.</span> <span class='ocrx_word' id='word_1_188' title='bbox 1498 1339 1568 1381; x_wconf 87' lang='lat'>86.</span> <span class='ocrx_word' id='word_1_189' title='bbox 1628 1337 1682 1378; x_wconf 93' lang='lat' dir='ltr'>D.</span> <span class='ocrx_word' id='word_1_190' title='bbox 1727 1337 1769 1380; x_wconf 87' lang='lat' dir='ltr'>fl.</span> <span class='ocrx_word' id='word_1_191' title='bbox 1795 1342 1835 1382; x_wconf 85' lang='lat'>2.</span> <span class='ocrx_word' id='word_1_192' title='bbox 1877 1335 2038 1392; x_wconf 84' lang='lat' dir='ltr'>p.&#39;528.</span> 
     </span>
    </p>
   </div>
   <div class='ocr_carea' id='block_1_7' title="bbox 253 1394 2040 1510">
    <p class='ocr_par' dir='ltr' id='par_1_7' title="bbox 253 1394 2040 1510">
     <span class='ocr_line' id='line_1_20' title="bbox 255 1394 2039 1449; baseline 0.001 -12"><span class='ocrx_word' id='word_1_193' title='bbox 255 1399 308 1443; x_wconf 79' lang='lat' dir='ltr'>A,</span> <span class='ocrx_word' id='word_1_194' title='bbox 343 1398 583 1437; x_wconf 79' lang='lat' dir='ltr'>violaceum</span> <span class='ocrx_word' id='word_1_195' title='bbox 618 1395 773 1437; x_wconf 79' lang='lat' dir='ltr'>Willd.</span> <span class='ocrx_word' id='word_1_196' title='bbox 820 1401 889 1437; x_wconf 84' lang='lat' dir='ltr'>en.</span> <span class='ocrx_word' id='word_1_197' title='bbox 934 1394 1074 1449; x_wconf 80' lang='lat' dir='ltr'><strong>suppl.</strong></span> <span class='ocrx_word' id='word_1_198' title='bbox 1121 1396 1252 1448; x_wconf 86' lang='lat' dir='ltr'>p.1‘7.</span> <span class='ocrx_word' id='word_1_199' title='bbox 1319 1395 1366 1434; x_wconf 92' lang='lat' dir='ltr'>A.</span> <span class='ocrx_word' id='word_1_200' title='bbox 1405 1395 1644 1436; x_wconf 83' lang='lat' dir='ltr'>flexuosum</span> <span class='ocrx_word' id='word_1_201' title='bbox 1678 1395 1804 1437; x_wconf 88' lang='lat' dir='ltr'>Host.</span> <span class='ocrx_word' id='word_1_202' title='bbox 1850 1396 1893 1437; x_wconf 84' lang='lat' dir='ltr'>fl.</span> <span class='ocrx_word' id='word_1_203' title='bbox 1939 1411 1976 1439; x_wconf 84' lang='lat' dir='ltr'>a.</span> <span class='ocrx_word' id='word_1_204' title='bbox 2003 1399 2039 1442; x_wconf 91' lang='lat'>1.</span> 
     </span>
     <span class='ocr_line' id='line_1_21' title="bbox 253 1452 2040 1510; baseline 0.002 -15"><span class='ocrx_word' id='word_1_205' title='bbox 253 1469 294 1510; x_wconf 90' lang='lat' dir='ltr'>p.</span> <span class='ocrx_word' id='word_1_206' title='bbox 314 1457 411 1499; x_wconf 72' lang='lat'>422.</span> <span class='ocrx_word' id='word_1_207' title='bbox 475 1454 626 1495; x_wconf 89' lang='lat' dir='ltr'>Flores</span> <span class='ocrx_word' id='word_1_208' title='bbox 660 1454 806 1505; x_wconf 80' lang='lat' dir='ltr'>rosei,</span> <span class='ocrx_word' id='word_1_209' title='bbox 841 1453 996 1494; x_wconf 86' lang='lat' dir='ltr'>siccati</span> <span class='ocrx_word' id='word_1_210' title='bbox 1031 1452 1231 1494; x_wconf 78' lang='lat' dir='ltr'>violacei.</span> <span class='ocrx_word' id='word_1_211' title='bbox 1294 1452 1421 1495; x_wconf 84' lang='lat' dir='ltr'>Folia</span> <span class='ocrx_word' id='word_1_212' title='bbox 1452 1455 1608 1495; x_wconf 86' lang='lat' dir='ltr'><strong>subtus</strong></span> <span class='ocrx_word' id='word_1_213' title='bbox 1642 1453 1736 1495; x_wconf 88' lang='lat' dir='ltr'>fere</span> <span class='ocrx_word' id='word_1_214' title='bbox 1769 1455 1932 1507; x_wconf 84' lang='lat' dir='ltr'>laevia,</span> <span class='ocrx_word' id='word_1_215' title='bbox 1966 1456 2040 1498; x_wconf 83' lang='lat' dir='ltr'>ob—</span> 
     </span>
    </p>
   </div>
   <div class='ocr_carea' id='block_1_8' title="bbox 253 1511 2007 1566">
    <p class='ocr_par' dir='ltr' id='par_1_8' title="bbox 253 1511 2007 1566">
     <span class='ocr_line' id='line_1_22' title="bbox 253 1511 2007 1566; baseline 0 -10"><span class='ocrx_word' id='word_1_216' title='bbox 253 1515 391 1556; x_wconf 84' lang='lat' dir='ltr'>solete</span> <span class='ocrx_word' id='word_1_217' title='bbox 422 1514 588 1554; x_wconf 47' lang='lat' dir='ltr'>obtusos</span> <span class='ocrx_word' id='word_1_218' title='bbox 608 1512 786 1566; x_wconf 86' lang='lat' dir='ltr'>striata,</span> <span class='ocrx_word' id='word_1_219' title='bbox 821 1518 864 1554; x_wconf 83' lang='lat' dir='ltr'>at</span> <span class='ocrx_word' id='word_1_220' title='bbox 896 1525 976 1552; x_wconf 92' lang='lat' dir='ltr'>nec</span> <span class='ocrx_word' id='word_1_221' title='bbox 1009 1511 1206 1563; x_wconf 84' lang='lat' dir='ltr'>sulcata,</span> <span class='ocrx_word' id='word_1_222' title='bbox 1241 1526 1382 1566; x_wconf 81' lang='lat' dir='ltr'>neque</span> <span class='ocrx_word' id='word_1_223' title='bbox 1416 1513 1615 1554; x_wconf 83' lang='lat' dir='ltr'>carinata</span> <span class='ocrx_word' id='word_1_224' title='bbox 1647 1517 1764 1554; x_wconf 85' lang='lat' dir='ltr'>sunt.</span> <span class='ocrx_word' id='word_1_225' title='bbox 1827 1513 2007 1557; x_wconf 79' lang='lat' dir='ltr'>variat:</span> 
     </span>
    </p>
   </div>
   <div class='ocr_carea' id='block_1_9' title="bbox 401 1583 2108 1640">
    <p class='ocr_par' dir='ltr' id='par_1_9' title="bbox 401 1583 2108 1640">
     <span class='ocr_line' id='line_1_23' title="bbox 401 1583 2108 1640; baseline 0.003 -16"><span class='ocrx_word' id='word_1_226' title='bbox 401 1619 405 1624; x_wconf 89' lang='lat'>.</span> <span class='ocrx_word' id='word_1_227' title='bbox 443 1586 808 1640; x_wconf 75' lang='lat' dir='ltr'>capsuliferum,</span> <span class='ocrx_word' id='word_1_228' title='bbox 842 1584 1047 1626; x_wconf 88' lang='lat' dir='ltr'>bulbillis</span> <span class='ocrx_word' id='word_1_229' title='bbox 1081 1584 1127 1625; x_wconf 90' lang='lat' dir='ltr'>in</span> <span class='ocrx_word' id='word_1_230' title='bbox 1162 1583 1354 1627; x_wconf 81' lang='lat' dir='ltr'>umbella</span> <span class='ocrx_word' id='word_1_231' title='bbox 1385 1586 1485 1626; x_wconf 83' lang='lat' dir='ltr'>laxa</span> <span class='ocrx_word' id='word_1_232' title='bbox 1517 1586 1669 1626; x_wconf 80' lang='lat' dir='ltr'>nullis.</span> <span class='ocrx_word' id='word_1_233' title='bbox 1732 1584 1829 1628; x_wconf 88' lang='lat' dir='ltr'>Hoc</span> <span class='ocrx_word' id='word_1_234' title='bbox 1859 1586 2038 1629; x_wconf 86' lang='lat' dir='ltr'>omnino</span> <span class='ocrx_word' id='word_1_235' title='bbox 2105 1637 2108 1640; x_wconf 45' lang='lat'>.</span> 
     </span>
    </p>
   </div>
   <div class='ocr_carea' id='block_1_10' title="bbox 249 1642 2036 1759">
    <p class='ocr_par' dir='ltr' id='par_1_10' title="bbox 249 1642 2036 1759">
     <span class='ocr_line' id='line_1_24' title="bbox 249 1642 2036 1700; baseline 0.002 -14"><span class='ocrx_word' id='word_1_236' title='bbox 249 1646 300 1686; x_wconf 86' lang='lat' dir='ltr'>A.</span> <span class='ocrx_word' id='word_1_237' title='bbox 334 1646 554 1700; x_wconf 86' lang='lat' dir='ltr'>pulchello</span> <span class='ocrx_word' id='word_1_238' title='bbox 585 1646 698 1685; x_wconf 89' lang='lat' dir='ltr'>Don.</span> <span class='ocrx_word' id='word_1_239' title='bbox 745 1658 939 1697; x_wconf 71' lang='lat' dir='ltr'>monogr.</span> <span class='ocrx_word' id='word_1_240' title='bbox 986 1656 1030 1698; x_wconf 80' lang='lat' dir='ltr'>p,</span> <span class='ocrx_word' id='word_1_241' title='bbox 1062 1643 1158 1695; x_wconf 54' lang='lat'>46„</span> <span class='ocrx_word' id='word_1_242' title='bbox 1220 1644 1274 1683; x_wconf 86' lang='grc' dir='ltr'>Α.</span> <span class='ocrx_word' id='word_1_243' title='bbox 1322 1643 1572 1698; x_wconf 85' lang='lat' dir='ltr'>paniculato</span> <span class='ocrx_word' id='word_1_244' title='bbox 1617 1642 1865 1687; x_wconf 86' lang='lat' dir='ltr'>Reiehe&#39;nb.</span> <span class='ocrx_word' id='word_1_245' title='bbox 1910 1646 1964 1688; x_wconf 86' lang='lat' dir='ltr'>ic.</span> <span class='ocrx_word' id='word_1_246' title='bbox 1995 1649 2036 1689; x_wconf 88' lang='lat'>5.</span> 
     </span>
     <span class='ocr_line' id='line_1_25' title="bbox 250 1702 2036 1759; baseline 0.001 -14"><span class='ocrx_word' id='word_1_247' title='bbox 250 1704 281 1745; x_wconf 88' lang='lat' dir='ltr'>f.</span> <span class='ocrx_word' id='word_1_248' title='bbox 303 1702 420 1758; x_wconf 64' lang='lat'>604,</span> <span class='ocrx_word' id='word_1_249' title='bbox 454 1703 566 1758; x_wconf 85' lang='lat' dir='ltr'>quod</span> <span class='ocrx_word' id='word_1_250' title='bbox 599 1703 747 1745; x_wconf 89' lang='lat' dir='ltr'>vivum</span> <span class='ocrx_word' id='word_1_251' title='bbox 780 1703 971 1745; x_wconf 87' lang='lat' dir='ltr'>nondum</span> <span class='ocrx_word' id='word_1_252' title='bbox 1006 1702 1256 1744; x_wconf 82' lang='lat' dir='ltr'>examinare</span> <span class='ocrx_word' id='word_1_253' title='bbox 1288 1703 1428 1759; x_wconf 87' lang='lat' dir='ltr'>potui,</span> <span class='ocrx_word' id='word_1_254' title='bbox 1462 1702 1744 1746; x_wconf 88' lang='lat' dir='ltr'>simillimum</span> <span class='ocrx_word' id='word_1_255' title='bbox 1777 1708 1858 1759; x_wconf 87' lang='lat' dir='ltr'>est,</span> <span class='ocrx_word' id='word_1_256' title='bbox 1892 1709 2036 1747; x_wconf 88' lang='lat' dir='ltr'>tamen</span> 
     </span>
    </p>
   </div>
   <div class='ocr_carea' id='block_1_11' title="bbox 249 1761 686 1805">
    <p class='ocr_par' dir='ltr' id='par_1_11' title="bbox 249 1761 686 1805">
     <span class='ocr_line' id='line_1_26' title="bbox 249 1761 686 1805; baseline 0 -1"><span class='ocrx_word' id='word_1_257' title='bbox 249 1762 469 1804; x_wconf 85' lang='lat' dir='ltr'>diversum</span> <span class='ocrx_word' id='word_1_258' title='bbox 503 1761 686 1805; x_wconf 82' lang='lat' dir='ltr'>videtur.</span> 
     </span>
    </p>
   </div>
   <div class='ocr_carea' id='block_1_12' title="bbox 237 1848 2034 2374">
    <p class='ocr_par' dir='ltr' id='par_1_12' title="bbox 237 1848 2034 2374">
     <span class='ocr_line' id='line_1_27' title="bbox 365 1848 2033 1907; baseline -0.001 -14"><span class='ocrx_word' id='word_1_259' title='bbox 365 1852 433 1893; x_wconf 85' lang='lat'>25.</span> <span class='ocrx_word' id='word_1_260' title='bbox 487 1849 538 1891; x_wconf 82' lang='lat' dir='ltr'>A.</span> <span class='ocrx_word' id='word_1_261' title='bbox 571 1863 764 1892; x_wconf 81' lang='lat' dir='ltr'>FLAvUM</span> <span class='ocrx_word' id='word_1_262' title='bbox 808 1849 886 1907; x_wconf 88' lang='lat' dir='ltr'>(L.</span> <span class='ocrx_word' id='word_1_263' title='bbox 920 1863 986 1906; x_wconf 93' lang='lat' dir='ltr'>sp.</span> <span class='ocrx_word' id='word_1_264' title='bbox 1008 1848 1135 1907; x_wconf 80' lang='lat'>428.)</span> <span class='ocrx_word' id='word_1_265' title='bbox 1187 1849 1311 1892; x_wconf 84' lang='lat' dir='ltr'>caule</span> <span class='ocrx_word' id='word_1_266' title='bbox 1357 1848 1484 1892; x_wconf 85' lang='lat' dir='ltr'>tereti</span> <span class='ocrx_word' id='word_1_267' title='bbox 1529 1848 1584 1891; x_wconf 83' lang='lat' dir='ltr'>ad</span> <span class='ocrx_word' id='word_1_268' title='bbox 1629 1849 1819 1892; x_wconf 86' lang='lat' dir='ltr'>medium</span> <span class='ocrx_word' id='word_1_269' title='bbox 1863 1850 2033 1905; x_wconf 84' lang='lat' dir='ltr'>foliato,</span> 
     </span>
     <span class='ocr_line' id='line_1_28' title="bbox 237 1909 2034 1965; baseline 0 -15"><span class='ocrx_word' id='word_1_270' title='bbox 237 1909 374 1964; x_wconf 83' lang='lat' dir='ltr'>soliis</span> <span class='ocrx_word' id='word_1_271' title='bbox 405 1909 648 1950; x_wconf 79' lang='lat' dir='ltr'>linearibus</span> <span class='ocrx_word' id='word_1_272' title='bbox 691 1909 890 1965; x_wconf 85' lang='lat' dir='ltr'>pulposis</span> <span class='ocrx_word' id='word_1_273' title='bbox 937 1910 1008 1964; x_wconf 86' lang='lat' dir='ltr'>(in</span> <span class='ocrx_word' id='word_1_274' title='bbox 1043 1909 1144 1950; x_wconf 90' lang='lat' dir='ltr'>viva</span> <span class='ocrx_word' id='word_1_275' title='bbox 1178 1909 1356 1964; x_wconf 84' lang='lat' dir='ltr'>planta)</span> <span class='ocrx_word' id='word_1_276' title='bbox 1403 1909 1684 1951; x_wconf 69' lang='lat' dir='ltr'>laevissimis</span> <span class='ocrx_word' id='word_1_277' title='bbox 1727 1910 1884 1951; x_wconf 84' lang='lat' dir='ltr'>subtus</span> <span class='ocrx_word' id='word_1_278' title='bbox 1927 1922 2034 1952; x_wconf 87' lang='lat' dir='ltr'>con-</span> 
     </span>
     <span class='ocr_line' id='line_1_29' title="bbox 247 1968 2034 2023; baseline 0.001 -16"><span class='ocrx_word' id='word_1_279' title='bbox 247 1968 371 2008; x_wconf 84' lang='lat' dir='ltr'>vexis</span> <span class='ocrx_word' id='word_1_280' title='bbox 404 1981 539 2021; x_wconf 85' lang='lat' dir='ltr'>supra</span> <span class='ocrx_word' id='word_1_281' title='bbox 569 1981 700 2022; x_wconf 86' lang='lat' dir='ltr'>saepe</span> <span class='ocrx_word' id='word_1_282' title='bbox 732 1968 889 2008; x_wconf 82' lang='lat' dir='ltr'>leviter</span> <span class='ocrx_word' id='word_1_283' title='bbox 920 1968 1233 2009; x_wconf 84' lang='lat' dir='ltr'>canaliculatis</span> <span class='ocrx_word' id='word_1_284' title='bbox 1268 1968 1482 2023; x_wconf 60' lang='lat' dir='ltr'>margine</span> <span class='ocrx_word' id='word_1_285' title='bbox 1516 1968 1727 2020; x_wconf 70' lang='lat' dir='ltr'>obtusis,</span> <span class='ocrx_word' id='word_1_286' title='bbox 1779 1968 1943 2023; x_wconf 57' lang='lat' dir='ltr'>spatha.</span> <span class='ocrx_word' id='word_1_287' title='bbox 1973 1968 2034 2009; x_wconf 90' lang='lat' dir='ltr'>bi-</span> 
     </span>
     <span class='ocr_line' id='line_1_30' title="bbox 247 2026 2029 2081; baseline 0.002 -16"><span class='ocrx_word' id='word_1_288' title='bbox 247 2026 365 2066; x_wconf 89' lang='lat' dir='ltr'>valvi</span> <span class='ocrx_word' id='word_1_289' title='bbox 399 2026 687 2081; x_wconf 80' lang='lat' dir='ltr'>persistente,</span> <span class='ocrx_word' id='word_1_290' title='bbox 731 2026 919 2067; x_wconf 76' lang='lat' dir='ltr'>vulvula</span> <span class='ocrx_word' id='word_1_291' title='bbox 962 2026 1116 2067; x_wconf 78' lang='lat' dir='ltr'>altera</span> <span class='ocrx_word' id='word_1_292' title='bbox 1155 2027 1291 2080; x_wconf 64' lang='lat' dir='ltr'>longe</span> <span class='ocrx_word' id='word_1_293' title='bbox 1323 2035 1568 2078; x_wconf 71' lang='lat' dir='ltr'>rostrata,</span> <span class='ocrx_word' id='word_1_294' title='bbox 1611 2027 1804 2067; x_wconf 88' lang='lat' dir='ltr'>umbella</span> <span class='ocrx_word' id='word_1_295' title='bbox 1837 2028 2029 2081; x_wconf 80' lang='lat' dir='ltr'>capsuli-</span> 
     </span>
     <span class='ocr_line' id='line_1_31' title="bbox 246 2084 2031 2139; baseline 0.001 -14"><span class='ocrx_word' id='word_1_296' title='bbox 246 2084 364 2134; x_wconf 80' lang='lat' dir='ltr'>fera,</span> <span class='ocrx_word' id='word_1_297' title='bbox 411 2084 694 2125; x_wconf 73' lang='lat' dir='ltr'>staminibus</span> <span class='ocrx_word' id='word_1_298' title='bbox 736 2084 966 2125; x_wconf 75' lang='lat' dir='ltr'>edentulis</span> <span class='ocrx_word' id='word_1_299' title='bbox 1005 2084 1251 2138; x_wconf 70' lang='lat' dir='ltr'>periyonio</span> <span class='ocrx_word' id='word_1_300' title='bbox 1296 2085 1495 2139; x_wconf 79' lang='lat' dir='ltr'>denique</span> <span class='ocrx_word' id='word_1_301' title='bbox 1539 2085 1681 2137; x_wconf 86' lang='lat' dir='ltr'>duplo</span> <span class='ocrx_word' id='word_1_302' title='bbox 1722 2085 2031 2138; x_wconf 69' lang='lat' dir='ltr'>louqioribus,</span> 
     </span>
     <span class='ocr_line' id='line_1_32' title="bbox 245 2140 2031 2198; baseline 0.002 -16"><span class='ocrx_word' id='word_1_303' title='bbox 245 2142 465 2198; x_wconf 76' lang='lat' dir='ltr'>perigonii</span> <span class='ocrx_word' id='word_1_304' title='bbox 501 2142 667 2196; x_wconf 70' lang='lat' dir='ltr'>phyllis</span> <span class='ocrx_word' id='word_1_305' title='bbox 701 2143 918 2184; x_wconf 85' lang='lat' dir='ltr'>truncatis</span> <span class='ocrx_word' id='word_1_306' title='bbox 953 2144 1192 2184; x_wconf 85' lang='lat' dir='ltr'>retusisve.</span> <span class='ocrx_word' id='word_1_307' title='bbox 1227 2140 1306 2189; x_wconf 61' lang='lat' dir='ltr'>Q.</span> <span class='ocrx_word' id='word_1_308' title='bbox 1353 2143 1402 2183; x_wconf 88' lang='lat' dir='ltr'>ln</span> <span class='ocrx_word' id='word_1_309' title='bbox 1448 2143 1638 2184; x_wconf 85' lang='lat' dir='ltr'>collibus</span> <span class='ocrx_word' id='word_1_310' title='bbox 1682 2144 1854 2198; x_wconf 82' lang='lat' dir='ltr'>asperis</span> <span class='ocrx_word' id='word_1_311' title='bbox 1889 2144 2031 2185; x_wconf 87' lang='lat' dir='ltr'>herbi—</span> 
     </span>
     <span class='ocr_line' id='line_1_33' title="bbox 245 2199 2031 2257; baseline 0.003 -17"><span class='ocrx_word' id='word_1_312' title='bbox 245 2199 340 2252; x_wconf 81' lang='lat' dir='ltr'>dis,</span> <span class='ocrx_word' id='word_1_313' title='bbox 381 2201 519 2254; x_wconf 82' lang='lat' dir='ltr'>(siidl.</span> <span class='ocrx_word' id='word_1_314' title='bbox 556 2200 709 2255; x_wconf 80' lang='lat' dir='ltr'>Tyrol,</span> <span class='ocrx_word' id='word_1_315' title='bbox 743 2200 1090 2252; x_wconf 74' lang='lat' dir='ltr'>Unteriistreich,</span> <span class='ocrx_word' id='word_1_316' title='bbox 1125 2200 1353 2257; x_wconf 62' lang='lat' dir='ltr'>Miihren.)</span> <span class='ocrx_word' id='word_1_317' title='bbox 1388 2201 1475 2242; x_wconf 84' lang='lat' dir='ltr'>Jul.</span> <span class='ocrx_word' id='word_1_318' title='bbox 1497 2201 1610 2257; x_wconf 84' lang='lat' dir='ltr'>Aug.</span> <span class='ocrx_word' id='word_1_319' title='bbox 1653 2200 1781 2256; x_wconf 78' lang='lat' dir='ltr'>Jacq.</span> <span class='ocrx_word' id='word_1_320' title='bbox 1816 2215 1853 2242; x_wconf 86' lang='lat' dir='ltr'>a.</span> <span class='ocrx_word' id='word_1_321' title='bbox 1887 2207 1914 2243; x_wconf 89' lang='lat' dir='ltr'>t.</span> <span class='ocrx_word' id='word_1_322' title='bbox 1936 2203 2031 2245; x_wconf 76' lang='lat'>141.</span> 
     </span>
     <span class='ocr_line' id='line_1_34' title="bbox 243 2258 2031 2317; baseline 0.002 -19"><span class='ocrx_word' id='word_1_323' title='bbox 243 2258 311 2299; x_wconf 93' lang='lat' dir='ltr'>St.</span> <span class='ocrx_word' id='word_1_324' title='bbox 349 2258 385 2298; x_wconf 90' lang='lat' dir='ltr'>h.</span> <span class='ocrx_word' id='word_1_325' title='bbox 405 2258 472 2301; x_wconf 74' lang='lat'>34.</span> <span class='ocrx_word' id='word_1_326' title='bbox 517 2259 574 2299; x_wconf 89' lang='lat' dir='ltr'>D.</span> <span class='ocrx_word' id='word_1_327' title='bbox 613 2259 653 2300; x_wconf 84' lang='lat' dir='ltr'>fl.</span> <span class='ocrx_word' id='word_1_328' title='bbox 673 2264 714 2302; x_wconf 84' lang='lat'>2.</span> <span class='ocrx_word' id='word_1_329' title='bbox 750 2273 791 2314; x_wconf 91' lang='lat' dir='ltr'>p.</span> <span class='ocrx_word' id='word_1_330' title='bbox 812 2261 931 2311; x_wconf 65' lang='lat'>532„</span> <span class='ocrx_word' id='word_1_331' title='bbox 966 2260 1075 2300; x_wconf 87' lang='lat' dir='ltr'>excl.</span> <span class='ocrx_word' id='word_1_332' title='bbox 1109 2260 1263 2300; x_wconf 87' lang='lat' dir='ltr'>variet.</span> <span class='ocrx_word' id='word_1_333' title='bbox 1283 2269 1322 2317; x_wconf 81' lang='grc' dir='ltr'>β.</span> <span class='ocrx_word' id='word_1_334' title='bbox 1373 2259 1526 2300; x_wconf 87' lang='lat' dir='ltr'>Flores</span> <span class='ocrx_word' id='word_1_335' title='bbox 1561 2259 1740 2312; x_wconf 77' lang='lat' dir='ltr'>pulchre</span> <span class='ocrx_word' id='word_1_336' title='bbox 1773 2260 1890 2300; x_wconf 88' lang='lat' dir='ltr'>flavi.</span> <span class='ocrx_word' id='word_1_337' title='bbox 1949 2260 2031 2302; x_wconf 87' lang='lat' dir='ltr'>Fo-</span> 
     </span>
     <span class='ocr_line' id='line_1_35' title="bbox 241 2317 2028 2374; baseline 0.001 -16"><span class='ocrx_word' id='word_1_338' title='bbox 241 2317 302 2358; x_wconf 81' lang='lat' dir='ltr'>lia</span> <span class='ocrx_word' id='word_1_339' title='bbox 334 2330 506 2372; x_wconf 81' lang='lat' dir='ltr'>semper</span> <span class='ocrx_word' id='word_1_340' title='bbox 539 2317 749 2371; x_wconf 87' lang='lat' dir='ltr'>depressa</span> <span class='ocrx_word' id='word_1_341' title='bbox 778 2323 881 2360; x_wconf 89' lang='lat' dir='ltr'>suut</span> <span class='ocrx_word' id='word_1_342' title='bbox 913 2322 954 2360; x_wconf 89' lang='lat' dir='ltr'>et</span> <span class='ocrx_word' id='word_1_343' title='bbox 985 2331 1120 2374; x_wconf 89' lang='lat' dir='ltr'>saepe</span> <span class='ocrx_word' id='word_1_344' title='bbox 1152 2317 1308 2360; x_wconf 88' lang='lat' dir='ltr'>leviter</span> <span class='ocrx_word' id='word_1_345' title='bbox 1340 2318 1664 2371; x_wconf 83' lang='lat' dir='ltr'>canaliculata,</span> <span class='ocrx_word' id='word_1_346' title='bbox 1697 2318 1775 2360; x_wconf 85' lang='lat' dir='ltr'>sed</span> <span class='ocrx_word' id='word_1_347' title='bbox 1805 2332 2028 2373; x_wconf 88' lang='lat' dir='ltr'>nunquam</span> 
     </span>
    </p>
   </div>
   <div class='ocr_carea' id='block_1_13' title="bbox 240 2375 2000 2418">
    <p class='ocr_par' dir='ltr' id='par_1_13' title="bbox 240 2375 2000 2418">
     <span class='ocr_line' id='line_1_36' title="bbox 240 2375 2000 2418; baseline 0 0"><span class='ocrx_word' id='word_1_348' title='bbox 240 2377 393 2418; x_wconf 73' lang='lat' dir='ltr'>tereti-‘1</span> <span class='ocrx_word' id='word_1_349' title='bbox 428 2376 498 2417; x_wconf 92' lang='lat' dir='ltr'>vel</span> <span class='ocrx_word' id='word_1_350' title='bbox 531 2375 743 2418; x_wconf 83' lang='lat' dir='ltr'>fistulosa.</span> <span class='ocrx_word' id='word_1_351' title='bbox 1943 2377 2000 2418; x_wconf 83' lang='lat' dir='ltr'>G.</span> 
     </span>
    </p>
   </div>
   <div class='ocr_carea' id='block_1_14' title="bbox 235 2461 2028 2988">
    <p class='ocr_par' dir='ltr' id='par_1_14' title="bbox 235 2461 2028 2988">
     <span class='ocr_line' id='line_1_37' title="bbox 353 2461 2028 2519; baseline 0.002 -15"><span class='ocrx_word' id='word_1_352' title='bbox 353 2464 420 2507; x_wconf 82' lang='lat'>26.</span> <span class='ocrx_word' id='word_1_353' title='bbox 462 2462 518 2508; x_wconf 89' lang='lat' dir='ltr'>A.</span> <span class='ocrx_word' id='word_1_354' title='bbox 553 2475 881 2504; x_wconf 80' lang='lat' dir='ltr'><strong>PANICULATUM</strong></span> <span class='ocrx_word' id='word_1_355' title='bbox 927 2462 1002 2519; x_wconf 87' lang='lat' dir='ltr'>(L.</span> <span class='ocrx_word' id='word_1_356' title='bbox 1037 2461 1254 2518; x_wconf 0' lang='lat' dir='ltr'>sp 428.)</span> <span class='ocrx_word' id='word_1_357' title='bbox 1302 2462 1427 2504; x_wconf 84' lang='lat' dir='ltr'>caule</span> <span class='ocrx_word' id='word_1_358' title='bbox 1466 2463 1593 2505; x_wconf 87' lang='lat' dir='ltr'>tereti</span> <span class='ocrx_word' id='word_1_359' title='bbox 1640 2462 1695 2505; x_wconf 90' lang='lat' dir='ltr'>ad</span> <span class='ocrx_word' id='word_1_360' title='bbox 1739 2463 1929 2506; x_wconf 90' lang='lat' dir='ltr'>medium</span> <span class='ocrx_word' id='word_1_361' title='bbox 1965 2465 2028 2507; x_wconf 86' lang='lat' dir='ltr'>fo·</span> 
     </span>
     <span class='ocr_line' id='line_1_38' title="bbox 240 2520 2028 2578; baseline 0.001 -16"><span class='ocrx_word' id='word_1_362' title='bbox 240 2521 390 2572; x_wconf 85' lang='lat' dir='ltr'>liato,</span> <span class='ocrx_word' id='word_1_363' title='bbox 451 2522 587 2575; x_wconf 72' lang='lat' dir='ltr'>soliis</span> <span class='ocrx_word' id='word_1_364' title='bbox 638 2521 882 2563; x_wconf 83' lang='lat' dir='ltr'>linearibus</span> <span class='ocrx_word' id='word_1_365' title='bbox 932 2523 1015 2577; x_wconf 87' lang='lat' dir='ltr'>(in</span> <span class='ocrx_word' id='word_1_366' title='bbox 1070 2520 1174 2562; x_wconf 84' lang='lat' dir='ltr'>viva</span> <span class='ocrx_word' id='word_1_367' title='bbox 1229 2521 1412 2577; x_wconf 86' lang='lat' dir='ltr'>planta)</span> <span class='ocrx_word' id='word_1_368' title='bbox 1467 2522 1627 2576; x_wconf 76' lang='lat' dir='ltr'>planis</span> <span class='ocrx_word' id='word_1_369' title='bbox 1690 2537 1822 2578; x_wconf 85' lang='lat' dir='ltr'>supra</span> <span class='ocrx_word' id='word_1_370' title='bbox 1872 2523 2028 2564; x_wconf 90' lang='lat' dir='ltr'>leviter</span> 
     </span>
     <span class='ocr_line' id='line_1_39' title="bbox 239 2579 2023 2636; baseline 0 -14"><span class='ocrx_word' id='word_1_371' title='bbox 239 2579 543 2622; x_wconf 86' lang='lat' dir='ltr'>canaliculatis</span> <span class='ocrx_word' id='word_1_372' title='bbox 587 2581 744 2621; x_wconf 84' lang='lat' dir='ltr'>subtus</span> <span class='ocrx_word' id='word_1_373' title='bbox 789 2586 914 2622; x_wconf 86' lang='lat' dir='ltr'>acute</span> <span class='ocrx_word' id='word_1_374' title='bbox 955 2579 1250 2632; x_wconf 86' lang='lat' dir='ltr'>tricariuatis,</span> <span class='ocrx_word' id='word_1_375' title='bbox 1310 2580 1469 2634; x_wconf 84' lang='lat' dir='ltr'>spatha</span> <span class='ocrx_word' id='word_1_376' title='bbox 1521 2582 1688 2621; x_wconf 85' lang='lat' dir='ltr'>bivalvi</span> <span class='ocrx_word' id='word_1_377' title='bbox 1735 2582 2023 2636; x_wconf 78' lang='lat' dir='ltr'>persistente,</span> 
     </span>
     <span class='ocr_line' id='line_1_40' title="bbox 237 2639 2026 2694; baseline 0.001 -15"><span class='ocrx_word' id='word_1_378' title='bbox 237 2640 424 2680; x_wconf 74' lang='lat' dir='ltr'>vulvula</span> <span class='ocrx_word' id='word_1_379' title='bbox 455 2639 608 2679; x_wconf 77' lang='lat' dir='ltr'>altera</span> <span class='ocrx_word' id='word_1_380' title='bbox 650 2639 921 2693; x_wconf 69' lang='lat' dir='ltr'>longyissime</span> <span class='ocrx_word' id='word_1_381' title='bbox 961 2647 1207 2689; x_wconf 73' lang='lat' dir='ltr'>rostram,</span> <span class='ocrx_word' id='word_1_382' title='bbox 1252 2639 1454 2680; x_wconf 81' lang='lat' dir='ltr'>umbella</span> <span class='ocrx_word' id='word_1_383' title='bbox 1498 2639 1820 2694; x_wconf 75' lang='lat' dir='ltr'>capsulife&#39;ra,</span> <span class='ocrx_word' id='word_1_384' title='bbox 1865 2641 2026 2681; x_wconf 73' lang='lat' dir='ltr'>stami-</span> 
     </span>
     <span class='ocr_line' id='line_1_41' title="bbox 237 2697 2022 2753; baseline 0.001 -15"><span class='ocrx_word' id='word_1_385' title='bbox 237 2698 373 2738; x_wconf 70' lang='lat' dir='ltr'>nibus</span> <span class='ocrx_word' id='word_1_386' title='bbox 407 2698 662 2750; x_wconf 70' lang='lat' dir='ltr'>edentulis,</span> <span class='ocrx_word' id='word_1_387' title='bbox 691 2698 939 2752; x_wconf 68' lang='lat' dir='ltr'>periqonio</span> <span class='ocrx_word' id='word_1_388' title='bbox 971 2697 1280 2749; x_wconf 77' lang='lat' dir='ltr'>brevioribus,</span> <span class='ocrx_word' id='word_1_389' title='bbox 1314 2698 1535 2752; x_wconf 76' lang='lat' dir='ltr'>perigonii</span> <span class='ocrx_word' id='word_1_390' title='bbox 1569 2699 1736 2753; x_wconf 87' lang='lat' dir='ltr'>phyllis</span> <span class='ocrx_word' id='word_1_391' title='bbox 1768 2698 2022 2740; x_wconf 85' lang='lat' dir='ltr'>rotundato-</span> 
     </span>
     <span class='ocr_line' id='line_1_42' title="bbox 237 2754 2023 2813; baseline 0.001 -17"><span class='ocrx_word' id='word_1_392' title='bbox 237 2756 418 2796; x_wconf 86' lang='lat' dir='ltr'>obtusis.</span> <span class='ocrx_word' id='word_1_393' title='bbox 461 2757 538 2813; x_wconf 61' lang='grc' dir='ltr'>Ἡ,</span> <span class='ocrx_word' id='word_1_394' title='bbox 585 2756 636 2796; x_wconf 89' lang='lat' dir='ltr'>In</span> <span class='ocrx_word' id='word_1_395' title='bbox 679 2756 864 2796; x_wconf 81' lang='lat' dir='ltr'>collibus</span> <span class='ocrx_word' id='word_1_396' title='bbox 908 2756 1105 2811; x_wconf 80' lang='lat' dir='ltr'>apricis,</span> <span class='ocrx_word' id='word_1_397' title='bbox 1165 2756 1303 2812; x_wconf 85' lang='lat' dir='ltr'>(siidl.</span> <span class='ocrx_word' id='word_1_398' title='bbox 1340 2754 1579 2808; x_wconf 75' lang='lat' dir='ltr'>Sct2wei23</span> <span class='ocrx_word' id='word_1_399' title='bbox 1628 2756 1699 2797; x_wconf 88' lang='lat' dir='ltr'>ich</span> <span class='ocrx_word' id='word_1_400' title='bbox 1744 2757 1911 2797; x_wconf 87' lang='lat' dir='ltr'>besitze</span> <span class='ocrx_word' id='word_1_401' title='bbox 1951 2759 2023 2797; x_wconf 89' lang='lat' dir='ltr'>ein</span> 
     </span>
     <span class='ocr_line' id='line_1_43' title="bbox 235 2812 2020 2872; baseline 0.001 -19"><span class='ocrx_word' id='word_1_402' title='bbox 235 2812 427 2867; x_wconf 84' lang='lat' dir='ltr'>Exempl.</span> <span class='ocrx_word' id='word_1_403' title='bbox 462 2829 500 2855; x_wconf 90' lang='lat' dir='ltr'>v.</span> <span class='ocrx_word' id='word_1_404' title='bbox 537 2813 788 2869; x_wconf 84' lang='lat' dir='ltr'>Schleich.)</span> <span class='ocrx_word' id='word_1_405' title='bbox 821 2813 910 2855; x_wconf 84' lang='lat' dir='ltr'>Jul.</span> <span class='ocrx_word' id='word_1_406' title='bbox 935 2816 1050 2872; x_wconf 84' lang='lat' dir='ltr'>Aug.</span> <span class='ocrx_word' id='word_1_407' title='bbox 1095 2814 1146 2854; x_wconf 95' lang='lat' dir='ltr'>A.</span> <span class='ocrx_word' id='word_1_408' title='bbox 1177 2815 1477 2869; x_wconf 80' lang='lat' dir='ltr'>paniculatum</span> <span class='ocrx_word' id='word_1_409' title='bbox 1511 2815 1625 2855; x_wconf 90' lang='lat' dir='ltr'>Don.</span> <span class='ocrx_word' id='word_1_410' title='bbox 1659 2827 1855 2870; x_wconf 82' lang='lat' dir='ltr'>monogr.</span> <span class='ocrx_word' id='word_1_411' title='bbox 1890 2816 2020 2869; x_wconf 57' lang='lat' dir='ltr'>pstlt,</span> 
     </span>
     <span class='ocr_line' id='line_1_44' title="bbox 235 2872 2019 2929; baseline 0.002 -17"><span class='ocrx_word' id='word_1_412' title='bbox 235 2885 319 2912; x_wconf 85' lang='lat' dir='ltr'>non</span> <span class='ocrx_word' id='word_1_413' title='bbox 358 2872 586 2914; x_wconf 78' lang='lat' dir='ltr'>Reichenb.</span> <span class='ocrx_word' id='word_1_414' title='bbox 620 2872 662 2913; x_wconf 85' lang='lat' dir='ltr'>fl.</span> <span class='ocrx_word' id='word_1_415' title='bbox 707 2885 796 2914; x_wconf 86' lang='lat' dir='ltr'>exc.</span> <span class='ocrx_word' id='word_1_416' title='bbox 839 2887 879 2927; x_wconf 94' lang='lat' dir='ltr'>p.</span> <span class='ocrx_word' id='word_1_417' title='bbox 905 2875 998 2927; x_wconf 82' lang='lat'>15„</span> <span class='ocrx_word' id='word_1_418' title='bbox 1044 2872 1158 2927; x_wconf 91' lang='lat' dir='ltr'>quod</span> <span class='ocrx_word' id='word_1_419' title='bbox 1199 2873 1391 2914; x_wconf 79' lang='lat' dir='ltr'>stamina</span> <span class='ocrx_word' id='word_1_420' title='bbox 1433 2874 1598 2914; x_wconf 84' lang='lat' dir='ltr'>corolla</span> <span class='ocrx_word' id='word_1_421' title='bbox 1641 2872 1771 2925; x_wconf 87' lang='lat' dir='ltr'>duplo</span> <span class='ocrx_word' id='word_1_422' title='bbox 1815 2873 2019 2929; x_wconf 79' lang='lat' dir='ltr'>longiora</span> 
     </span>
     <span class='ocr_line' id='line_1_45' title="bbox 235 2929 2020 2988; baseline 0.002 -19"><span class='ocrx_word' id='word_1_423' title='bbox 235 2929 377 2970; x_wconf 84' lang='lat' dir='ltr'>habet.</span> <span class='ocrx_word' id='word_1_424' title='bbox 442 2931 635 2983; x_wconf 82' lang='lat' dir='ltr'>„Petala</span> <span class='ocrx_word' id='word_1_425' title='bbox 680 2930 960 2988; x_wconf 83' lang='lat' dir='ltr'>longitudine</span> <span class='ocrx_word' id='word_1_426' title='bbox 1004 2932 1281 2973; x_wconf 79' lang='lat' dir='ltr'>staminum“</span> <span class='ocrx_word' id='word_1_427' title='bbox 1322 2931 1372 2972; x_wconf 92' lang='lat' dir='ltr'>L.</span> <span class='ocrx_word' id='word_1_428' title='bbox 1417 2944 1484 2987; x_wconf 85' lang='lat' dir='ltr'>sp.</span> <span class='ocrx_word' id='word_1_429' title='bbox 1506 2931 1607 2975; x_wconf 81' lang='lat'>428.</span> <span class='ocrx_word' id='word_1_430' title='bbox 1683 2929 1838 2973; x_wconf 89' lang='lat' dir='ltr'>Flores</span> <span class='ocrx_word' id='word_1_431' title='bbox 1881 2932 2020 2973; x_wconf 88' lang='lat' dir='ltr'>dilute</span> 
     </span>
    </p>
   </div>
   <div class='ocr_carea' id='block_1_15' title="bbox 233 2990 1988 3042">
    <p class='ocr_par' dir='ltr' id='par_1_15' title="bbox 233 2990 1988 3042">
     <span class='ocr_line' id='line_1_46' title="bbox 233 2990 1988 3042; baseline 0.013 -16"><span class='ocrx_word' id='word_1_432' title='bbox 233 2995 614 3042; x_wconf 83' lang='lat' dir='ltr'>purpurascentes.</span> <span class='ocrx_word' id='word_1_433' title='bbox 1931 2990 1988 3032; x_wconf 86' lang='lat' dir='ltr'>H·</span> 
     </span>
    </p>
   </div>
   <div class='ocr_carea' id='block_1_16' title="bbox 232 3102 2018 3190">
    <p class='ocr_par' dir='ltr' id='par_1_16' title="bbox 232 3102 2018 3190">
     <span class='ocr_line' id='line_1_47' title="bbox 362 3102 2018 3140; baseline 0.003 -6"><span class='ocrx_word' id='word_1_434' title='bbox 362 3102 455 3136; x_wconf 86' lang='lat' dir='ltr'>Seet.</span> <span class='ocrx_word' id='word_1_435' title='bbox 479 3103 556 3136; x_wconf 86' lang='lat' dir='ltr'>Vll.</span> <span class='ocrx_word' id='word_1_436' title='bbox 613 3103 969 3138; x_wconf 59' lang='lat' dir='ltr'>Scaomvomusum.</span> <span class='ocrx_word' id='word_1_437' title='bbox 1021 3104 1137 3137; x_wconf 79' lang='lat' dir='ltr'>Radix</span> <span class='ocrx_word' id='word_1_438' title='bbox 1168 3104 1336 3137; x_wconf 85' lang='lat' dir='ltr'>bulbosa.</span> <span class='ocrx_word' id='word_1_439' title='bbox 1394 3102 1519 3136; x_wconf 74' lang='lat' dir='ltr'>Cauiis</span> <span class='ocrx_word' id='word_1_440' title='bbox 1552 3104 1630 3136; x_wconf 84' lang='lat' dir='ltr'>basi</span> <span class='ocrx_word' id='word_1_441' title='bbox 1665 3102 1769 3137; x_wconf 81' lang='lat' dir='ltr'>foliis</span> <span class='ocrx_word' id='word_1_442' title='bbox 1800 3106 2018 3140; x_wconf 81' lang='lat' dir='ltr'>instructus.</span> 
     </span>
     <span class='ocr_line' id='line_1_48' title="bbox 232 3143 1771 3190; baseline 0.003 -14"><span class='ocrx_word' id='word_1_443' title='bbox 232 3143 336 3176; x_wconf 85' lang='lat' dir='ltr'>Folia</span> <span class='ocrx_word' id='word_1_444' title='bbox 360 3146 516 3187; x_wconf 82' lang='lat' dir='ltr'>perfecte</span> <span class='ocrx_word' id='word_1_445' title='bbox 540 3147 729 3190; x_wconf 79' lang='lat' dir='ltr'>fistulosa,</span> <span class='ocrx_word' id='word_1_446' title='bbox 754 3150 884 3180; x_wconf 83' lang='lat' dir='ltr'>teretia</span> <span class='ocrx_word' id='word_1_447' title='bbox 908 3150 966 3181; x_wconf 88' lang='lat' dir='ltr'>vel</span> <span class='ocrx_word' id='word_1_448' title='bbox 991 3150 1227 3181; x_wconf 83' lang='lat' dir='ltr'>semiteretia.</span> <span class='ocrx_word' id='word_1_449' title='bbox 1273 3146 1413 3189; x_wconf 86' lang='lat' dir='ltr'>Spatha</span> <span class='ocrx_word' id='word_1_450' title='bbox 1438 3149 1577 3190; x_wconf 77' lang='lat' dir='ltr'>brevis,</span> <span class='ocrx_word' id='word_1_451' title='bbox 1605 3148 1771 3181; x_wconf 86' lang='lat' dir='ltr'>bivalvis.</span> 
     </span>
    </p>
   </div>
   <div class='ocr_carea' id='block_1_17' title="bbox 348 3231 2016 3291">
    <p class='ocr_par' dir='ltr' id='par_1_17' title="bbox 348 3231 2016 3291">
     <span class='ocr_line' id='line_1_49' title="bbox 348 3231 2016 3291; baseline 0.002 -18"><span class='ocrx_word' id='word_1_452' title='bbox 348 3234 416 3274; x_wconf 82' lang='lat'>27.</span> <span class='ocrx_word' id='word_1_453' title='bbox 464 3234 513 3273; x_wconf 90' lang='lat' dir='ltr'>A.</span> <span class='ocrx_word' id='word_1_454' title='bbox 548 3232 947 3277; x_wconf 76' lang='lat' dir='ltr'>SCHOENdl‘RASUM</span> <span class='ocrx_word' id='word_1_455' title='bbox 982 3235 1060 3291; x_wconf 80' lang='lat' dir='ltr'>(L,</span> <span class='ocrx_word' id='word_1_456' title='bbox 1093 3248 1160 3289; x_wconf 85' lang='lat' dir='ltr'>sp.</span> <span class='ocrx_word' id='word_1_457' title='bbox 1182 3231 1310 3288; x_wconf 85' lang='lat'>432.)</span> <span class='ocrx_word' id='word_1_458' title='bbox 1357 3246 1493 3288; x_wconf 81' lang='lat' dir='ltr'>scapo</span> <span class='ocrx_word' id='word_1_459' title='bbox 1525 3234 1641 3275; x_wconf 89' lang='lat' dir='ltr'>nudo</span> <span class='ocrx_word' id='word_1_460' title='bbox 1674 3235 1743 3277; x_wconf 92' lang='lat' dir='ltr'>vel</span> <span class='ocrx_word' id='word_1_461' title='bbox 1776 3235 1879 3277; x_wconf 85' lang='lat' dir='ltr'>basi</span> <span class='ocrx_word' id='word_1_462' title='bbox 1913 3249 2016 3289; x_wconf 83' lang='lat' dir='ltr'>pau-</span> 
     </span>
    </p>
   </div>
   <div class='ocr_carea' id='block_1_18' title="bbox 235 3287 2015 3396">
    <p class='ocr_par' dir='ltr' id='par_1_18' title="bbox 235 3287 2015 3396">
     <span class='ocr_line' id='line_1_50' title="bbox 235 3287 2014 3350; baseline 0.002 -20"><span class='ocrx_word' id='word_1_463' title='bbox 235 3287 460 3343; x_wconf 75' lang='lat' dir='ltr'>citonato,</span> <span class='ocrx_word' id='word_1_464' title='bbox 493 3291 628 3345; x_wconf 75' lang='lat' dir='ltr'>foliis</span> <span class='ocrx_word' id='word_1_465' title='bbox 666 3293 914 3338; x_wconf 76' lang='lat' dir='ltr'>linearibus</span> <span class='ocrx_word' id='word_1_466' title='bbox 946 3293 1169 3338; x_wconf 84' lang='lat' dir='ltr'>subulatis</span> <span class='ocrx_word' id='word_1_467' title='bbox 1200 3292 1466 3350; x_wconf 82' lang='lat' dir='ltr'>aequaliter</span> <span class='ocrx_word' id='word_1_468' title='bbox 1498 3287 1728 3337; x_wconf 71' lang='lat' dir='ltr'>teretibus</span> <span class='ocrx_word' id='word_1_469' title='bbox 1756 3295 1827 3337; x_wconf 88' lang='lat' dir='ltr'>vel</span> <span class='ocrx_word' id='word_1_470' title='bbox 1870 3293 2014 3338; x_wconf 83' lang='lat' dir='ltr'>tereti-</span> 
     </span>
     <span class='ocr_line' id='line_1_51' title="bbox 1901 3365 2015 3396; baseline -0.009 0"><span class='ocrx_word' id='word_1_471' title='bbox 1901 3365 2015 3396; x_wconf 88' lang='lat' dir='ltr'>com-</span> 
     </span>
    </p>
   </div>
  </div>
 </body>
</html>
