2200 3525
161 135 343 172 surx-
820 112 1275 168 SALlclNEAE.
1402 165 1417 173 ,
1844 119 1945 166 643

164 283 299 322 mant.
324 281 360 321 1.
391 290 438 332 p.
459 277 532 322 41.
564 299 623 309 —
682 275 747 317 Cl.
782 273 980 316 Schultz.
1025 275 1136 318 hanc
1178 276 1370 330 speciem
1402 276 1572 332 primus
1605 275 1796 318 omnium
1829 275 1947 317 claro

167 336 430 391 descripsit,
476 349 562 389 qua
606 333 659 374 de
701 347 835 374 causa
879 347 1061 385 nomen,
1114 336 1226 388 quod
1270 336 1448 389 plantae
1490 335 1727 389 imposuit,
1773 334 1844 388 pie
1877 348 1947 374 rc-

144 395 296 438 ¹tinui.
327 417 379 424 —
435 392 688 434 Pedicellus
723 391 861 431 ovarii
897 392 937 431 in
972 394 1120 447 planta
1145 393 1324 434 florente
1353 394 1590 434 nectarium
1615 406 1748 447 saepe
1773 398 1948 446 aequat,

165 453 245 495 sed
277 451 553 493 florescentia
589 455 763 503 peracta
798 450 842 489 fit
888 450 1087 503 longior,
1137 457 1176 491 et
1222 456 1286 491 ter
1328 458 1538 505 quaterve
1582 456 1761 506 superat
1805 456 1951 491 necta-

167 512 298 552 rium.
362 508 490 550 Folia
522 509 613 548 fere
655 515 699 548 ut
743 508 787 548 in
822 506 985 549 Salicis
1021 509 1196 563 fragilis
1232 523 1325 552 var.
1360 510 1634 563 decipiente3
1679 509 1868 563 stipulae
1902 514 1948 549 ut

167 568 316 613 huius.
379 566 547 617 Variat,
583 566 698 606 sicut
732 565 775 606 S.
807 567 922 617 alba,
959 566 1005 607 S.
1035 570 1163 607 rubra
1196 567 1414 620 aliaeque,
1450 568 1712 608 staminibus
1747 573 1787 608 ct
1819 580 1950 620 squu-

165 626 250 667 mis
302 631 570 666 amentorum
616 625 956 665 masculinorum
1012 627 1230 678 reversis3
1285 625 1393 666 haec
1435 632 1532 667 est:
1605 625 1650 666 S.
1684 624 1951 680 Meyer-iana

166 682 321 726 Willd.
357 684 462 723 berl.
499 683 666 723 baumz.
703 697 741 737 p.
764 684 863 727 427.
1864 682 1921 724 G.

280 757 320 800 3.
366 754 411 795 S.
445 768 663 795 Panorms
700 755 775 809 (L.
813 769 881 808 sp.
914 752 1064 809 1443.)
1113 755 1346 806 ᾱῑαηᾱνα,
1394 755 1581 796 amentis
1622 754 1950 810 pedunculatis,

136 841 144 857 ,ι
198 814 413 856 edunculo
447 815 616 864 foliato,
650 814 860 868 squamis
894 814 1216 853 concolor-ibus
1250 813 1480 863 deciduis,
1515 814 1708 868 capsulis
1742 827 1793 854 ex
1822 820 1952 854 ovata

165 827 267 914 {asi
303 873 558 913 lanceolatis
591 873 761 926 glabris
796 871 1099 925 pedicellatis‚
1145 872 1370 922 peciit-cllo
1414 872 1678 912 nectarium
1720 872 1787 912 bis
1830 878 1952 912 terve

167 939 453 984 superante,
500 931 615 984 stylo
649 929 885 977 mediocri,
933 928 1215 979 stigmatibus
1250 929 1566 970 crassiusculis
1606 929 1780 979 bifidis,
1815 930 1952 984 soliis

168 990 431 1031 lanceolutis
475 987 737 1028 acuminatis
781 986 1080 1039 ylabem'imis
1120 986 1196 1026 vel
1232 988 1496 1027 iunioribus
1541 987 1819 1029 subsericas
1862 1001 1953 1028 ser-

169 1048 307 1098 ratis,
356 1045 592 1086 serraturis
627 1044 830 1094 inflexis,
876 1044 1054 1097 stipulis
1100 1045 1423 1084 semicordatis.
1456 1044 1514 1102 T).
1558 1046 1623 1086 Ad
1664 1045 1782 1100 ripas
1823 1051 1865 1087 et
1906 1046 1954 1087 in

167 1105 279 1147 locis
313 1104 572 1158 paludosis,
608 1103 660 1142 ad
695 1115 825 1157 sepes
859 1101 1076 1142 humidas.
1140 1100 1282 1156 April.
1318 1102 1430 1143 Mai.
1494 1102 1720 1144 Occurrit:

182 1222 184 1224 ,
287 1196 331 1222 α.
366 1175 632 1228 decipiens,
680 1175 839 1215 cortice
871 1173 1134 1215 ramulorum
1169 1180 1391 1225 testaceo,
1440 1175 1626 1229 gemmis
1663 1175 1956 1232 atro-fuscis,

167 1234 294 1278 foliis
342 1235 606 1276 ramulorum
651 1232 816 1274 infimis
859 1233 946 1273 lato
972 1257 987 1263 -
1013 1232 1212 1273 obovatis
1257 1233 1585 1274 obtusissimis:
1651 1233 1697 1275 S.
1731 1233 1957 1288 decipiens

167 1291 331 1334 Hoffm.
365 1293 446 1333 sal.
468 1296 507 1334 2.
542 1306 580 1346 p.
604 1295 646 1334 2.
682 1293 797 1334 t.3t.
861 1288 1019 1330 Smith.
1053 1291 1098 1330 in
1132 1290 1249 1345 engl.
1285 1291 1370 1331 bot.
1404 1297 1433 1332 t.
1459 1294 1585 1336 1937.
1630 1306 1682 1334 ex
1718 1292 1959 1345 specimine

170 1352 348 1406 anglico
381 1351 645 1392 authentico.
711 1349 757 1390 S.
793 1349 996 1390 vitellina
1028 1347 1079 1389 L.
1113 1348 1294 1390 secund.
1329 1349 1450 1392 citat.
1487 1349 1597 1392 hort.
1630 1351 1771 1406 upsal.
1805 1349 1957 1392 Friesl

170 1423 271 1451 τιον.
307 1409 373 1451 ed.
408 1411 446 1452 2.
484 1423 522 1463 p.
544 1411 613 1451 43.
649 1431 701 1439 -
766 1406 971 1448 Occurrit

291 1491 330 1539 β.
365 1481 607 1535 υυῐῃανὶς,
638 1480 822 1521 ramulis
855 1478 1196 1529 rufescentibus,
1234 1478 1356 1522 foliis
1391 1478 1557 1521 infimis
1588 1481 1853 1522 ramulorum
1885 1480 1961 1522 ob.

169 1540 336 1594 longo·
359 1539 586 1581 obovatis:
650 1539 695 1579 S.
731 1538 909 1593 fragilis
943 1536 1035 1577 Sm.
1081 1537 1128 1578 in
1160 1536 1288 1581 Rces.
1333 1538 1504 1593 cyclop.
1550 1551 1591 1579 n.
1615 1541 1685 1581 38.
1721 1541 1839 1594 engl.
1875 1540 1963 1582 bot.

173 1605 203 1641 t.
230 1600 352 1642 1896.
416 1598 461 1639 S.
500 1598 740 1653 Wargiana
773 1595 897 1649 Lcj.!
945 1596 985 1636 fl.
1031 1595 1069 1636 d.
1114 1609 1208 1650 spa.
1230 1599 1270 1639 2.
1317 1609 1358 1650 p.
1383 1598 1483 1639 312.
1547 1595 1595 1638 S.
1628 1597 1806 1654 fragilis
1837 1598 1965 1640 War-

172 1657 307 1715 giana
338 1656 436 1709 Lej.
471 1670 603 1697 revue
638 1671 677 1711 p.
702 1658 801 1699 203.
867 1652 911 1695 S.
947 1654 1121 1695 excelsa
1153 1654 1345 1695 Tausclr.
1382 1655 1440 1709 pl.
1476 1655 1557 1696 sel.

291 1747 336 1790 y.
369 1729 684 1780 Russeliana,
732 1727 854 1768 foliis
889 1726 1170 1778 iunioribus,
1215 1727 1366 1780 itaque
1398 1726 1528 1767 etiam
1566 1727 1869 1782 superioribus
1899 1741 1970 1770 ra-

175 1788 390 1829 mulorum
427 1788 756 1829 hornotinorum
791 1799 945 1826 versus
981 1790 1233 1825 autumnum
1279 1784 1685 1839 sericeo-pilosis,
1732 1787 1967 1828 serraturis

175 1847 433 1901 plerumque
494 1846 764 1898 minoribus,
826 1843 1006 1898 stipulis
1055 1843 1197 1898 magis
1256 1843 1556 1884 acuminatis:
1622 1841 1668 1884 S.
1705 1843 1973 1887 Russeliaua

177 1904 347 1946 Smith!
387 1905 486 1948 brit.
509 1907 549 1947 3.
588 1905 739 1954 1043,
788 1902 967 1942 secund.
1003 1902 1255 1955 specimen,
1307 1913 1359 1940 ex
1393 1901 1516 1941 horto
1550 1899 1827 1955 Smithiano,
1872 1916 1898 1944 a
1930 1905 1973 1945 b.

176 1961 423 2004 Mertensio
468 1976 639 2003 mecum
687 1959 1082 2008 communicatum,
1129 1959 1175 1999 S.
1211 1957 1402 2013 pendula
1437 1957 1531 1999 Ser.
1565 1960 1647 2000 sal.
1684 1959 1796 2001 helv.
1840 1975 1880 2016 p.
1904 1962 1973 2006 79.

176 2020 224 2064 S.
245 2020 489 2074 gracilenta
516 2019 715 2060 Tauseh.
751 2019 810 2074 pl.
846 2018 928 2059 sel.
964 2040 1015 2047 —
1063 2016 1262 2058 Stamina
1293 2016 1339 2056 in
1373 2016 1621 2058 innumeris
1653 2018 1976 2072 speciminibus

150 2078 374 2121 'omnium
423 2079 713 2130 varietatum,
772 2077 843 2117 liic
889 2082 1268 2125 enumeratam),
1319 2087 1494 2129 semper
1537 2075 1623 2116 duo
1666 2082 1708 2116 et
1751 2090 1976 2132 nunquam

177 2139 307 2194 plura
339 2137 460 2188 vidi,
496 2151 631 2191 quare
666 2135 713 2177 S.
750 2134 1044 2175 Ehrhartiana
1076 2134 1198 2187 Mey.
1236 2135 1279 2173 in
1316 2133 1451 2172 chlor.
1485 2133 1649 2173 hanov.
1685 2147 1731 2188 p.
1761 2137 1883 2188 186.,
1924 2135 1974 2177 S.

178 2195 406 2237 hexandra
441 2195 571 2236 Ehrh,
607 2195 732 2236 beitr.
762 2198 803 2238 7,
838 2194 1030 2247 p,138.‚
1066 2191 1119 2232 ad
1153 2205 1279 2246 quam
1317 2189 1364 2231 S.
1400 2189 1669 2231 Russeliana
1702 2191 1858 2234 Sinith.
1891 2198 1977 2234 tra-

178 2253 326 2307 hitur,
371 2267 467 2294 cum
503 2259 655 2294 nostra
687 2251 835 2307 specie
869 2250 1081 2307 coniungi
1114 2251 1282 2305 nequit.
1347 2247 1514 2290 Salicis
1547 2249 1800 2292 hexandrae
1832 2252 1978 2307 speci-

179 2325 279 2354 men
314 2311 609 2352 authenticum
643 2310 836 2352 nondum
870 2308 976 2350 vidi.

297 2381 424 2424 Salix
466 2383 672 2437 fragilior
712 2381 870 2433 Host.,
923 2379 973 2424 S.
1008 2378 1326 2431 fragilissima,
1386 2376 1430 2418 S.
1466 2378 1683 2420 excelsior
1726 2383 1769 2420 et
1811 2377 1859 2420 S.
1903 2393 1980 2435 pa.

181 2441 336 2484 lustris
369 2441 562 2482 eiusdem
598 2439 792 2481 auctoris
827 2442 932 2478 sunt
964 2437 1316 2478 modificationes
1353 2434 1520 2477 Salicis
1555 2437 1749 2491 fragilis.
1811 2437 1859 2478 S.
1890 2440 1979 2481 fra-

185 2501 292 2556 gilis
328 2499 451 2540 Host.
503 2498 724 2552 (mascula
756 2494 965 2551 planta‚)
1017 2495 1070 2535 ad
1105 2493 1152 2534 S.
1187 2494 1468 2549 cuspidatam
1516 2497 1739 2550 pertinere
1781 2495 1983 2553 videtur3

182 2558 407 2614 specimen
441 2555 590 2597 vivum
625 2554 735 2596 horti
770 2553 905 2594 nostri
939 2553 1128 2594 nondum
1163 2552 1324 2594 floruit.

304 2627 351 2673 S.
386 2629 571 2670 viridem
607 2626 770 2668 Friesii
806 2625 862 2668 cl.
898 2629 1048 2667 auctor
1079 2637 1250 2666 mecum
1284 2623 1656 2677 communicavit3
1700 2631 1770 2667 est
1801 2626 1981 2683 species

184 2688 239 2731 ab
269 2688 473 2730 omnibus
508 2687 576 2728 his
609 2684 801 2727 diversa.

301 2773 343 2817 4.
389 2773 435 2815 S.
469 2786 592 2814 ALBA
630 2770 706 2827 (L.
739 2785 806 2825 sp.
834 2767 985 2824 1449.)
1025 2770 1260 2821 Mandra,
1306 2769 1497 2811 amentis
1529 2769 1871 2828 pedunculatiS,
1912 2785 1986 2827 pe·

186 2831 382 2875 dunculo
415 2833 599 2882 foliato,
635 2831 832 2884 squamis
867 2828 1178 2870 concoloribus
1212 2827 1444 2881 deciduis,
1482 2828 1680 2883 capsulis
1713 2836 1989 2872 ovato-acu-

189 2892 294 2931 tatis
328 2891 495 2931 obtusis
532 2890 733 2946 glabris,
787 2887 978 2941 denique.
1010 2886 1404 2941 subpedicellatis,
1449 2886 1678 2940 pedicello
1722 2888 1991 2930 nectarium

190 2948 515 2989 brevissimum
548 2949 629 2989 vix
664 2954 931 3001 aequante,
978 2944 1098 2999 stylo
1144 2943 1297 2995 brevi,
1343 2945 1625 2998 stigmatibus
1669 2946 1990 2988 crassiusculis

191 3007 505 3062 en1a1·ginatiS‚
547 3006 683 3060 soliis
729 3002 993 3046 lanceolutis
1038 3001 1300 3043 acuminatis
1349 3002 1584 3043 serrulatis
1621 3003 1845 3060 utrinque
1878 3005 1992 3046 seri-

193 3065 315 3115 ceis,
350 3064 527 3116 stipulis
561 3063 838 3105 lant-colatis.
872 3059 930 3119 Τ).
967 3059 1074 3102 Cum
1110 3059 1397 3101 antecedente
1430 3059 1483 3101 ad
1521 3060 1660 3116 ripas.
1705 3061 1843 3117 April.
1877 3061 1989 3105 Mai.

196 3123 320 3164 Salix
366 3123 466 3161 alba
515 3122 665 3162 Willd.
713 3135 781 3176 sp.
831 3121 894 3174 pl.
928 3117 968 3161 4.
1010 3120 1106 3163 710.
1180 3117 1309 3158 Folia
1352 3117 1693 3173 pedunculoium
1737 3120 1995 3176 plerumque

192 3180 350 3234 glabra
392 3185 494 3222 sunt
539 3179 741 3237 margine
785 3179 950 3223 ciliato.
1012 3176 1165 3220 variat
1200 3175 1329 3219 foliis
1367 3176 1518 3232 magis
1549 3175 1755 3220 minusve
1785 3178 1993 3222 albo-se·

192 3238 330 3279 ric-eis
350 3265 363 3288 ,
397 3244 440 3279 et

1455 3321 1562 3373 41*
