2200 3525
271 112 372 159 792
940 95 1397 150 GRAMINAEE.
1917 115 2062 150 nm.

274 269 412 310 arista
443 263 587 307 medlo
618 256 785 304 inflexa
827 258 898 301 vel
940 258 1158 300 subrecta.
1221 255 1338 314 Styli
1381 256 1673 313 brevissimi,
1718 257 1930 316 stigmata
1969 260 2066 318 plu-

273 340 396 369 mosa
428 324 483 365 ad
514 320 645 363 basin
679 319 802 361 floris
835 316 1182 375 progndientia.
1882 332 1887 339 ι

401 424 496 457 Sect.
527 422 555 454 1.
602 422 890 454 DnscHAmpsu
914 417 1050 451 Beauv.
1090 417 1216 450 Arista
1235 418 1386 461 paulum
1407 421 1547 451 tantum
1568 418 1702 451 inflexa
1721 420 1756 451 et
1773 418 1853 451 bant
1876 419 1937 452 le
1959 420 2069 452 tortu.

386 515 421 554 1.
467 510 524 551 A.
559 519 828 551 cAl-:smrosA
865 504 940 563 (L.
974 504 1160 562 sp.96.)
1194 505 1319 547 foliis
1352 505 1515 561 planis,
1549 504 1758 561 panicula
1788 506 1954 562 ampla,
1987 518 2064 562 pe-

274 569 452 612 dicellis
485 568 686 618 scabris,
730 565 869 608 arista
915 570 1090 607 setacea
1131 564 1301 616 paleam
1348 564 1602 620 plerumque
1644 569 1874 618 aequante.
1907 561 1978 618 21..
2014 564 2068 604 In

274 628 415 684 pratis
448 627 672 668 fertilibus
706 629 748 665 et
779 623 1012 679 sylvaticis
1045 622 1338 663 subhumidis.
1391 621 1492 663 Jun.
1526 621 1620 663 Jul.
1672 622 1783 664 Aira
1813 622 2070 676 caespitosa

274 689 328 729 D.
362 685 407 731 fl.
433 690 470 729 1.
503 688 602 729 522.
646 683 797 725 Leers.
831 681 951 723 herb.
984 686 1015 723 t.
1041 682 1081 724 4.
1113 680 1143 723 f.
1163 682 1207 724 8.
1255 680 1580 735 Deschampsia
1612 681 1863 734 caespitosa
1894 679 2065 721 Beauv.

275 747 460 801 agr.91.
489 748 493 752 '
522 742 651 785 Folia
690 754 828 796 supra
869 739 1149 782 scaberrima.
1221 737 1379 780 Variat
1415 740 1452 781 1.
1486 739 1673 794 spiculis
1716 739 1846 792 duplo
1890 739 2071 780 maiori-

274 806 385 856 bus,
420 801 625 854 musteis,
676 800 757 856 (ab
791 799 936 841 amico
970 797 1113 853 Hopp.
1149 798 1194 839 in
1227 797 1378 853 Alpib.
1411 798 1524 839 lecta
1539 797 1582 852 ,)
1636 801 1676 841 2.
1711 796 1897 852 spiculis
1930 797 2069 838 triflo-

274 863 365 913 ris,
408 861 514 902 flore
557 859 687 900 tertio
733 858 927 912 perfecto
958 857 1025 897 vel
1062 857 1214 898 abortu
1248 856 1387 897 ovarii
1425 856 1648 909 masculo,
1699 855 1779 911 (ab
1826 855 1975 896 eodem
2014 854 2070 896 ad

273 921 415 962 moles
442 918 658 975 glaciales
686 917 861 972 Alpium
889 916 1094 957 altissim.
1129 914 1328 957 Carintli.
1356 914 1513 970 lecta,)
1548 916 1592 959 3.
1625 913 1810 969 spiculis
1836 913 2071 968 viviparis‚

281 979 360 1035 (cl.
394 977 585 1028 Samen,
621 989 757 1031 prope
790 976 933 1016 lacum
967 973 1240 1015 bodamicum
1275 975 1450 1022 lectam,
1484 986 1650 1013 mecum
1684 971 2071 1027 communicavit.)

275 1038 327 1079 ln
363 1037 537 1091 alpibus
581 1034 771 1076 occurrit
811 1033 1135 1074 saturatissime
1179 1033 1372 1074 colorata
1417 1031 1638 1086 simulque
1683 1031 1915 1072 humilior:
1962 1043 2075 1085 quae

276 1095 428 1137 eadem
462 1095 506 1135 in
541 1093 802 1135 demissiora
834 1093 932 1134 loca
965 1104 1135 1146 quoque
1169 1090 1399 1132 descendit
1430 1090 1680 1144 ibidemque
1714 1090 1969 1130 varietatem
2005 1089 2075 1129 lit-

281 1155 466 1196 toralem
503 1152 647 1194 Gaud.
681 1151 796 1191 helv.
823 1154 858 1193 1.
892 1152 991 1193 323.
1027 1149 1193 1197 efficit5
1240 1149 1285 1191 in
1319 1149 1580 1191 siccioribus
1613 1149 1763 1204 planta
1796 1161 1966 1203 quoque
2000 1147 2076 1186 liu-

280 1212 430 1254 miiior
462 1211 535 1263 fit,
583 1210 779 1263 foliaque
811 1209 1011 1250 involuta
1044 1208 1184 1263 gerit:
1247 1207 1354 1249 Aira
1385 1207 1534 1263 alpina
1568 1206 1693 1248 Roth.
1728 1213 1833 1248 tent.
1860 1210 1900 1249 2.
1939 1211 1974 1250 1.
2007 1206 2076 1249 98.

278 1286 365 1314 non
399 1270 449 1312 L.
512 1271 562 1310 A.
598 1268 848 1323 caespitosa
881 1275 926 1325 β.
962 1267 1091 1307 Roth.
1128 1279 1196 1307 en.
1221 1267 1242 1309 1
1279 1269 1377 1310 252.
1440 1266 1492 1307 In
1528 1265 1745 1307 umbrosis
1780 1278 1911 1319 saepe
1943 1264 1989 1305 fit

398 1352 438 1402 β.
469 1341 682 1397 pallida,
716 1340 862 1380 valvis
896 1338 1188 1390 ochroleucis,
1223 1337 1354 1380 dorso
1386 1336 1620 1388 viridibus,
1653 1337 1795 1392 paleis
1821 1336 2078 1377 viridi-fla-

284 1404 585 1453 vescentibus,
621 1399 746 1455 apice
781 1398 922 1440 albist
965 1397 1072 1438 Aira
1105 1396 1328 1439 altissima
1360 1396 1489 1441 Lam.
1523 1395 1564 1436 fl.
1597 1396 1653 1436 fr.
1681 1410 1721 1450 p.
1744 1397 1842 1439 581.
1906 1396 1958 1436 A.
1982 1407 2078 1450 par-

281 1462 438 1502 viflora
469 1459 633 1500 Thuill.
667 1469 760 1513 par.
804 1456 871 1497 ed.
896 1460 936 1499 2.
975 1457 1010 1499 1.
1057 1469 1101 1510 p.
1127 1456 1197 1499 38.
1260 1456 1326 1496 An
1359 1455 1401 1498 h.
1434 1455 1464 1497 l.
1512 1455 1571 1496 sit
1603 1454 1713 1495 Aira
1746 1452 1998 1509 caespilosa
2032 1473 2075 1497 α.

285 1519 520 1562 fluviatilis
554 1516 726 1571 Meyer.
761 1515 894 1557 chlor.
927 1515 1086 1555 hanov.
1118 1527 1159 1568 p.
1182 1516 1312 1566 639.,
1357 1513 1411 1555 ad
1445 1527 1573 1568 quam
1607 1514 1660 1554 cl.
1690 1514 1854 1554 Auctor
1884 1513 1936 1554 A.
1969 1513 2078 1554 bott-

290 1579 439 1620 nicam
486 1575 802 1629 Wahlenberg.
849 1573 1010 1627 trabit,
1067 1572 1311 1614 diiudicare
1365 1586 1549 1627 nequeo.
1622 1569 1740 1612 Vera
1786 1576 1927 1612 autem
1972 1571 2080 1611 Aira

285 1637 485 1678 bottnica
518 1634 571 1676 ab
607 1634 659 1674 A.
694 1632 967 1687 caespitum,
1000 1645 1069 1672 me
1099 1631 1272 1685 quidem
1307 1630 1479 1682 iudice,
1513 1630 1623 1672 satis
1656 1629 1801 1671 differt
1833 1629 2080 1684 bonamque

285 1696 462 1737 exbibet
494 1693 708 1749 speciem.
770 1691 931 1732 Differt
964 1696 1051 1732 toto
1084 1690 1268 1740 habitu,
1302 1690 1510 1744 panicula
1542 1695 1759 1747 angusta,
1803 1687 1952 1729 stricte
1985 1701 2078 1728 ere·

289 1760 359 1795 cta
390 1767 472 1794 nec
506 1752 682 1806 ampla,
729 1749 893 1792 diffusa
937 1755 978 1790 et
1010 1756 1220 1800 nutante3
1264 1749 1399 1789 ramis
1442 1748 1577 1789 multo
1621 1747 1766 1788 minus
1806 1745 2078 1802 compositis,

290 1811 489 1868 spiculas
528 1812 679 1854 10-20
712 1814 909 1859 tantum,
943 1821 1026 1849 nec
1059 1807 1212 1851 50-60
1244 1806 1532 1863 gerentibu83
1565 1806 1749 1860 spiculis
1782 1800 1914 1861 duplo
1948 1803 2080 1846 maio-

288 1873 446 1922 ribus,
493 1869 637 1909 valvis
670 1868 838 1908 ratione
870 1866 1166 1923 longitudinis
1203 1866 1429 1907 evidenter
1461 1864 1822 1922 angustioribus,
1868 1864 1972 1906 flore
2008 1875 2080 1904 se-

290 1928 434 1971 cundo
474 1927 654 1983 longius
710 1925 997 1980 pedicellato,
1046 1925 1265 1978 pedicello
1309 1923 1424 1966 tertii
1466 1923 1586 1965 floris
1631 1921 1910 1978 longitudine
1953 1921 2081 1963 floris

294 1985 510 2045 secundi,
544 1984 769 2039 aristaque
801 1984 936 2024 multo
970 1983 1209 2037 validiore,
1242 1982 1395 2024 florem
1429 1982 1500 2024 bis
1532 1982 1623 2025 fere
1655 1986 1907 2037 superante.

417 2102 510 2136 Seet.
537 2100 583 2134 Il.
627 2100 854 2134 AvmmLLA.
888 2098 1083 2141 Compend.
1109 2098 1145 2130 fl.
1171 2108 1283 2140 germ.
1307 2098 1361 2130 ed.
1376 2100 1410 2131 2.
1437 2100 1467 2130 l.
1493 2099 1522 2129 1.
1548 2106 1583 2139 p.
1605 2097 1678 2130 130.
1724 2094 1851 2129 Arista
1875 2096 2081 2129 evidentius

286 2147 421 2181 inflexa
445 2151 480 2179 et
505 2148 582 2178 basi
606 2148 717 2178 torta.
765 2145 819 2176 Ab
845 2143 969 2175 Avena
992 2144 1111 2175 differt
1136 2142 1224 2175 baec
1253 2143 1367 2174 sectio
1400 2141 1506 2184 palea
1534 2140 1711 2173 inferiore
1745 2143 1935 2183 truncata,
1970 2140 2081 2172 denti-

288 2193 432 2234 culata,
456 2200 523 2223 nee
548 2190 735 2223 bidentata
758 2188 817 2219 vel
843 2187 1083 2229 bicuspidata.

405 2282 449 2325 2,
495 2277 551 2319 A.
584 2285 821 2318 rnexuosa
858 2273 941 2329 (L.
976 2288 1041 2328 sp.
1063 2272 1162 2329 96.)
1199 2272 1406 2328 panicula
1437 2275 1613 2328 patente
1643 2274 1853 2322 nutante,
1898 2269 2081 2311 floribus

289 2339 486 2396 glumam
518 2336 648 2377 valde
679 2334 959 2388 inaequalem
995 2332 1069 2373 vix
1114 2332 1462 2387 superantibus,
1512 2343 1646 2384 supra
1687 2329 1818 2370 basin
1865 2329 2082 2381 aristatis,

282 2396 513 2452 pedlcello
532 2394 677 2449 floris
709 2392 905 2435 secundi
931 2392 1060 2446 flore
1098 2391 1202 2444 ipso
1244 2390 1514 2446 quadruplo
1556 2388 1796 2440 breviore,
1845 2387 1968 2429 foliis
2009 2400 2083 2427 an·

286 2454 563 2513 gustissimis
616 2451 892 2494 subsetaceis
943 2450 1118 2492 terereti
1147 2474 1163 2483 -
1191 2449 1477 2490 filiformibns
1527 2447 1714 2499 solidis,
1778 2446 1927 2501 ligula
1981 2445 2084 2487 bre-

288 2513 505 2555 viuscula
538 2519 781 2554 truncata.
816 2506 884 2565 21..
919 2507 972 2550 Iu
1004 2509 1148 2562 sylvis
1181 2513 1222 2549 et
1257 2509 1461 2558 ericetis,
1496 2506 1625 2547 etiam
1659 2505 1704 2546 in
1738 2504 2008 2546 siccissimis
2042 2508 2086 2545 et

287 2571 600 2614 sterilissimis.
663 2569 929 2621 Jun.-Aug.
993 2564 1149 2609 Avena
1180 2566 1376 2608 flexuosa
1409 2566 1461 2607 D.
1498 2565 1539 2606 fl.
1560 2570 1596 2607 1.
1630 2566 1729 2608 570.
1779 2564 1933 2605 Leers.
1959 2563 2082 2609 berb.

283 2637 313 2673 t.
333 2633 375 2674 5.
408 2631 439 2673 f.
470 2634 506 2673 1.
569 2628 725 2670 Variat
766 2626 952 2682 spiculis
985 2625 1169 2667 dilutius
1212 2629 1253 2666 et
1296 2624 1534 2665 saturatius
1577 2622 1798 2664 coloratis.
1864 2619 2074 2662 Varietas

286 2690 473 2745 spiculis
506 2692 701 2730 saturate
732 2685 888 2727 tinctis
923 2689 963 2725 et
995 2683 1201 2740 panicula
1233 2683 1402 2724 minore
1438 2681 1731 2724 contractiore
1777 2684 1843 2721 est
1874 2680 1925 2720 A.
1960 2692 2082 2720 mon-

287 2755 393 2789 tana
424 2747 473 2787 L.
507 2746 550 2788 fl.
584 2759 707 2788 suec.
741 2758 780 2799 p.
800 2745 869 2788 24.
903 2742 981 2783 sed
1013 2742 1218 2801 primitus
1247 2741 1476 2785 Linnaeus
1508 2741 1590 2782 sub
1622 2739 1706 2781 hac
1738 2739 1888 2780 Airam
1923 2736 2084 2779 bottni-

290 2820 385 2848 cam
418 2805 651 2848 lVahlenb.
685 2801 966 2844 intellexisse
999 2801 1187 2843 videtur.

403 2897 445 2939 2.
500 2891 554 2934 A.
586 2903 837 2933 ULIGINoSA
872 2888 1044 2946 (Weih.
1078 2901 1146 2943 ap.
1180 2900 1220 2928 v.
1253 2885 1660 2944 Boenningbauseu
1703 2880 1855 2939 prodr.
1901 2881 1945 2923 fl.
1989 2895 2078 2923 mo-

288 2957 451 2994 naster.
486 2966 524 3006 p.
547 2951 643 3006 25.)
677 2948 882 3005 panicula
906 2953 1081 3003 patente
1112 2950 1271 2999 erecta,
1305 2945 1488 2987 floribus
1517 2946 1705 3002 glumam
1741 2941 1969 2994 aequalem
2005 2940 2079 2980 vix

290 3011 603 3062 superantibus
634 3022 768 3062 supra
799 3008 926 3047 basin
960 3007 1184 3057 adstatis,
1215 3005 1441 3057 pedicello
1460 3003 1604 3057 floris
1635 2999 1832 3042 secundi
1877 2998 2082 3054 lonyitu-

288 3069 395 3108 dine
426 3068 607 3109 dimidii
623 3067 768 3119 floris·
799 3065 979 3120 ipsias,
1027 3064 1149 3105 foliis
1184 3064 1517 3118 angustissimis
1549 3060 1693 3114 planis
1727 3059 1798 3099 vel
1834 3057 2079 3112 complica-

289 3127 374 3176 tis,
423 3127 567 3181 ligula
600 3125 803 3180 oblonya
835 3129 1292 3164 attenuato-acuta.
1327 3119 1399 3173 ΖΙ..
1447 3119 1497 3161 ln
1540 3118 1650 3160 locis
1694 3116 1921 3158 inundatis
1959 3121 2000 3156 et
2033 3115 2081 3155 in

294 3184 533 3238 uliginosis
567 3184 783 3238 turfosis‚
829 3181 1144 3237 (Westphalen
1180 3193 1219 3220 u.
1254 3176 1592 3232 Ostfriesland.)
1632 3177 1745 3230 Aug.
1779 3173 1902 3229 Sept.
1948 3173 2082 3214 multo

297 3242 445 3283 serius
492 3241 789 3284 antecedente.
861 3239 1099 3283 Reichenb.
1144 3237 1200 3281 ic.
1230 3241 1272 3284 2.
1314 3237 1347 3280 f.
1375 3237 1474 3282 280.
1546 3235 1653 3278 Aira
1695 3232 1909 3291 paludosa
1937 3230 2082 3274 Weih.
