2200 3525
304 157 405 205 ειη
752 206 756 216 ,
973 140 1430 196 ῦΒΑΜιΝΕΑΕ.
1973 160 2090 195 ω..

306 310 470 368 foliola
501 320 590 349 suo
621 304 863 357 breviore,
896 306 1044 362 ligula
1075 304 1351 347 brevissima
1383 303 1630 357 subnulla,
1666 302 1818 346 radice
1851 304 2102 359 caespitosa

313 369 505 412 breviter
537 364 817 410 stolonifera.
851 362 1023 419 ΖΙ,.1ῐι
1063 364 1236 420 sylvis,
1281 363 1492 419 rupibus,
1537 362 1689 404 muris.
1751 363 1854 404 Jun.
1888 363 1976 404 Jul.
2040 364 2098 404 D.

313 430 355 470 fl.
382 430 419 470 1.
452 426 550 467 615.
616 422 800 464 Culmus
847 425 963 464 ultra
1004 422 1223 475 medium,
1275 435 1408 476 saepe
1452 423 1544 463 fere
1582 421 1635 461 ad
1680 422 1876 476 apicem,
1920 421 2103 463 sotiatus

313 491 399 528 est.
465 481 618 524 Variat
649 481 787 533 adeo,
823 487 870 523 ut
901 481 1102 522 diversas
1134 480 1311 535 species
1343 493 1487 522 coram
1522 481 1684 521 habere
1716 479 1884 521 credas.

434 575 478 600 α.
513 553 757 609 vulgaris,
791 551 1251 610 gramineo-viridis,
1296 552 1428 594 culmi
1463 558 1614 593 tenues
1648 551 1815 593 debiles
1850 565 1944 593 cum
1978 551 2103 606 paui-

314 614 414 660 cula
446 610 546 655 laxa
587 617 821 666 nutantes,
866 611 1077 666 spiculae
1122 611 1331 664 biflorae.
1396 609 1537 651 Gaud.
1583 610 1695 652 helv.
1724 615 1758 652 1.
1793 612 1890 654 238.
1953 610 2104 651 Leers.

315 680 346 717 t.
364 677 405 718 5.
438 673 470 715 f.
493 673 535 718 3.
599 669 725 712 Haec
756 670 950 712 varietas
982 670 1171 711 occurrit
1211 668 1396 724 spiculis
1438 668 1666 719 unifloris,
1720 682 1814 709 cum
1860 668 2106 709 rudimento

317 730 502 774 secundi
546 729 671 770 floris
716 727 1060 784 capituliformi,
1108 727 1395 782 pedicellato:
1459 726 1510 766 P.
1549 727 1783 767 nemoralis
1828 734 1866 782 β.
1915 727 1968 768 D.
2006 727 2045 767 fl.
2070 731 2106 770 1.

317 792 417 835 617.
466 786 740 830 Modificatio
773 788 978 829 morbosa
1010 791 1080 828 est
1111 786 1160 828 P.
1187 786 1424 827 nemoralis
1457 784 1655 842 vulgaris
1690 793 1730 843 β.
1763 785 1890 826 nodis
1923 786 2108 827 culmeis

321 845 827 906 spongioso·cirrhosis
861 844 1005 888 Gaud.
1039 846 1069 887 l.
1105 857 1144 887 c.

440 919 730 979 &fir-mula,
772 916 1233 974 gramineo-viridis,
1281 916 1415 959 culmi
1450 915 1613 973 rigidi,
1654 915 1857 969 vaqinae
1879 915 2112 968 soliorum

323 980 548 1036 glabrae,
591 976 802 1033 panicula
853 983 1001 1018 erecta
1047 976 1117 1017 vel
1163 975 1288 1032 apice
1330 982 1516 1025 nutans,
1569 974 1779 1027 spiculae
1823 975 2112 1028 3—5florae,·

324 1040 435 1081 haec
465 1038 633 1089 forma,
683 1036 730 1077 in
762 1034 970 1092 virgultis
1002 1040 1222 1090 pratorum
1254 1047 1469 1085 nascens,
1512 1033 1762 1086 paniculum
1809 1033 1995 1086 amplam
2041 1047 2114 1088 pa-

324 1104 576 1151 tentemque
604 1099 646 1137 et
677 1094 806 1136 flores
836 1094 1091 1149 plerumque
1120 1094 1283 1134 liberos
1310 1092 1462 1133 habet:
1508 1091 1560 1131 P.
1586 1091 1821 1132 nemoralis
1856 1091 1912 1132 ll.
1946 1090 2116 1132 firmula

328 1155 474 1198 Gaud.
511 1153 623 1196 helv.
646 1157 682 1197 1.
716 1155 842 1201 2393
889 1152 937 1193 iu
970 1152 1107 1192 muris
1139 1151 1339 1205 locisque
1371 1150 1506 1191 siccis
1542 1150 1747 1205 panicula
1781 1155 2001 1191 contracta
2038 1163 2111 1204 ap-

324 1220 450 1271 paret
492 1213 711 1267 floresque
754 1211 857 1266 pilis
901 1209 1065 1252 lanatis
1108 1209 1369 1250 cohaerent:
1432 1208 1481 1249 P.
1517 1208 1753 1249 nemoralis
1786 1208 1861 1248 Vl.
1897 1214 2115 1249 coarctata

325 1272 473 1316 Gau-d.
504 1271 620 1312 helv.
650 1275 687 1313 1.
720 1272 819 1313 241.
881 1267 932 1310 P.
967 1273 1187 1310 coarctata
1217 1267 1339 1307 Hall.
1374 1265 1433 1308 fil.
1468 1280 1533 1321 ap.
1567 1266 1750 1306 Murith.
1797 1267 1883 1307 bot.
1929 1267 2012 1307 val.
2042 1268 2113 1309 86.

323 1331 419 1374 DC.
450 1330 493 1372 'fl-
526 1330 580 1371 fr.
602 1332 645 1373 5.
678 1342 720 1382 p.
741 1329 838 1371 273.
871 1325 922 1368 P.
939 1326 1075 1368 dubia
1101 1325 1196 1367 Sut.
1231 1325 1348 1370 helV.
1371 1329 1407 1367 1.
1439 1324 1508 1368 49.
1544 1330 1584 1365 et
1613 1325 1661 1364 P.
1685 1322 1977 1365 Scheucbzeri
2012 1323 2111 1366 Sut.

325 1390 444 1432 helv.
471 1390 508 1433 1.
542 1389 612 1433 50.
657 1386 707 1429 P.
739 1386 991 1444 caespitosa
1022 1382 1139 1427 Poir.
1173 1383 1277 1427 dict.
1298 1386 1342 1430 5.
1379 1384 1447 1430 73.
1500 1381 1549 1425 Ρ.
1583 1381 1777 1424 trivialis
1808 1382 1956 1424 Leers.
1991 1383 2122 1431 herb„

329 1460 360 1492 t.
374 1450 418 1493 6.
451 1448 483 1490 f.
501 1450 543 1493 2.

449 1537 495 1581 γ.
536 1519 776 1577 riyiclula,
824 1519 1010 1561 obscure
1049 1517 1242 1570 viridis,
1291 1529 1427 1572 saepe
1470 1515 1746 1569 subglauca‚
1800 1515 1940 1556 culmi
1979 1513 2117 1571 rigidi

333 1595 441 1623 cum
470 1579 656 1635 vayinis
691 1578 1029 1631 scabriusculi,
1080 1577 1289 1633 panicula
1329 1580 1471 1618 erecta
1515 1577 1583 1617 vel
1627 1574 1755 1629 apice
1799 1581 1984 1626 nutans,
2031 1574 2118 1629 spi-

333 1641 459 1682 culae
490 1640 586 1681 3-5
617 1636 777 1690 florae,
822 1637 1005 1679 floribus
1052 1637 1153 1677 lana
1185 1635 1420 1678 connexis:
1483 1633 1535 1675 P.
1571 1631 1803 1674 nemoralis
1835 1636 1876 1678 δ.
1914 1633 1970 1672 D.
2006 1632 2049 1672 fl.
2079 1636 2117 1677 1.

334 1699 435 1744 617.
486 1695 534 1738 Ρ.
569 1697 794 1753 pratensis
826 1694 977 1737 Leers.
1012 1694 1212 1736 lierboru.
1246 1700 1276 1736 t.
1297 1695 1339 1739 6.
1373 1692 1406 1735 f.
1431 1693 1473 1735 4.
1529 1689 1577 1734 Ρ.
1614 1690 1824 1747 palustris
1857 1690 1950 1736 DC.
1985 1690 2011 1731 fl
2060 1691 2117 1731 fr.

334 1759 376 1800 5.
419 1770 463 1812 p.
485 1759 585 1800 272.
652 1754 703 1796 P.
737 1754 1026 1810 polymorpha
1068 1753 1184 1795 Wib.
1232 1751 1509 1794 werth.113.
1557 1764 1644 1792 sec.
1698 1750 1876 1805 specim.
1920 1750 2117 1795 authent.

336 1813 386 1857 P.
419 1814 612 1856 serotina
644 1814 825 1855 Schrad.
860 1827 997 1869 germ.
1024 1814 1061 1856 1.
1094 1814 1193 1856 299.
1239 1809 1419 1852 secund.
1454 1809 1680 1864 specimen
1713 1808 1767 1850 ab
1800 1809 1896 1862 ipso
1940 1814 2122 1849 auctore

335 1879 379 1915 et
410 1872 636 1929 egregiam
670 1872 1024 1927 descriptionem,
1054 1870 1235 1928 „ligula
1268 1868 1434 1923 brevis,
1467 1867 1720 1911 truncata.“
1782 1866 1905 1909 Haec
1929 1866 2120 1908 varietas

336 1944 424 1973 non
459 1932 620 1985 ubique
648 1931 852 1974 occurrit.

457 2006 505 2049 δ.
549 2003 752 2058 9lauca,
811 2001 955 2057 magis
1007 2000 1241 2056 minusque
1292 1999 1723 2055 ylauco—viridis,
1787 1997 1919 2039 culmi
1970 1997 2125 2054 rigidi,

335 2062 563 2118 panicula
598 2066 642 2103 ut
684 2063 730 2102 in
762 2061 917 2105 variet.
940 2068 983 2118 β.
1018 2066 1059 2101 et
1090 2078 1135 2119 y.
1180 2059 1373 2113 spiculis
1417 2058 1619 2112 copiosis
1664 2057 1799 2099 dense
1842 2055 2006 2098 obsita:
2070 2055 2124 2098 P.

341 2121 577 2162 nemoralis
611 2138 654 2176 η.
692 2119 850 2176 glauca
881 2124 922 2159 et
953 2126 1001 2164 θ.
1035 2117 1187 2159 caesia
1220 2117 1274 2158 D.
1311 2116 1352 2157 fl.
1378 2118 1414 2157 1.
1448 2130 1487 2170 p.
1510 2118 1638 2169 619.‚
1684 2129 1762 2170 pro
1805 2121 1940 2169 parte.
2005 2116 2040 2154 A
2072 2113 2125 2156 P.

342 2179 491 2221 caesia
523 2177 668 2219 differt
699 2177 844 2219 culmo
875 2178 991 2218 ultra
1034 2176 1224 2217 medium
1269 2175 1451 2227 foliato,
1486 2174 1615 2214 nodis
1648 2171 1804 2225 culmi,
1849 2173 1903 2213 ob
1936 2173 2125 2228 vaginas

343 2237 592 2280 internodio
626 2236 880 2288 breviores,
913 2234 1146 2276 denudatis
1181 2239 1222 2275 et
1254 2233 1361 2274 folio
1393 2246 1595 2286 supremo
1638 2231 1844 2287 vaginam
1887 2244 2012 2272 suam
2057 2245 2126 2272 ae-

346 2302 508 2351 quante
548 2294 620 2337 vel
661 2294 876 2350 longiore.
938 2293 1063 2334 Haec
1102 2293 1293 2333 varietas
1336 2299 1505 2332 montes
1548 2291 1727 2331 altiores
1770 2288 2020 2332 inhabitare
2063 2290 2126 2331 vi-

344 2355 482 2397 detur.
544 2353 704 2395 Vivam
736 2353 783 2393 in
816 2351 943 2394 horto
976 2350 1179 2408 posideo.

462 2444 500 2473 ε.
530 2434 786 2478 montana,
828 2424 959 2466 culmi
1000 2423 1222 2480 graciles,
1259 2423 1485 2477 panicula
1516 2435 1659 2474 rara,
1703 2419 1897 2475 spiculis
1939 2421 2126 2476 maynis

343 2487 441 2529 3-5
473 2485 592 2527 floris
621 2498 767 2538 parce
798 2483 981 2534 obsita5
1014 2481 1122 2522 rami
1155 2481 1386 2537 paniculae
1421 2482 1514 2526 1·3
1546 2480 1741 2535 spiculas
1775 2483 1999 2536 gerentes,
2036 2479 2126 2535 spi-

346 2541 476 2587 culae
505 2543 694 2585 tenuiter
725 2548 767 2584 et
795 2541 928 2598 longe
958 2540 1264 2598 pedicellatae.
1312 2539 1516 2582 Varietas
1548 2536 1944 2593 insignissmultis
1976 2543 2125 2580 tamen

346 2603 501 2644 formis
534 2601 806 2643 intermediis
848 2601 896 2642 in
938 2605 1110 2642 ceteras
1172 2598 1350 2641 abiensz
1412 2595 1464 2641 P.
1506 2597 1742 2640 nemoralis
1786 2593 1873 2641 111.
1917 2601 2125 2638 montana

347 2660 491 2704 Gaud.
523 2660 640 2703 helv.
669 2661 706 2704 1.
737 2659 836 2706 209.

467 2766 533 2807 11.
569 2762 621 2804 P.
648 2761 870 2803 annms
907 2758 1056 2816 (Host.
1092 2772 1227 2816 gram.
1249 2759 1291 2803 3.
1324 2762 1354 2800 t.
1379 2756 1470 2813 14.)
1506 2757 1714 2812 panicula
1745 2753 1905 2796 diffusa
1935 2759 2128 2809 patente,

344 2822 494 2864 ramis
522 2821 722 2872 scabris,
764 2818 1071 2875 inferioribus
1112 2818 1369 2873 plerumque
1398 2816 1583 2872 quinis,
1633 2814 1818 2870 spiculis
1863 2814 2127 2854 ovato-lan-

347 2881 529 2922 ceolatis
561 2881 660 2923 2-5
692 2876 838 2932 floris,
885 2875 1073 2919 floribus
1112 2876 1306 2917 obsolete
1348 2876 1549 2916 nervosis
1581 2873 1779 2929 margine
1812 2872 1939 2912 basin
1973 2885 2127 2912 versus

345 2938 566 2993 dorsoque
596 2938 715 2980 linea
746 2942 934 2992 angusta
976 2936 1243 2990 pubescente
1284 2934 1477 2984 notatis,
1523 2932 1680 2974 culmis
1724 2929 1992 2986 vaginisque
2034 2930 2127 2984 gla-

345 2997 467 3050 bris,
500 2996 647 3052 liyala
676 2996 879 3050 oblonga
911 3003 1083 3046 acuta,
1133 2992 1296 3034 radice
1321 2992 1504 3045 fibrosa
1537 2989 1800 3044 caespitosa.
1835 2985 1905 3040 ΖΙ,
1942 2988 1992 3027 In
2026 3001 2124 3041 pra-

323 3056 406 3097 ‘tis
438 3054 658 3108 humidis,
705 3054 758 3096 ad
799 3055 940 3109 ripas.
1002 3052 1102 3093 Jun.
1132 3049 1224 3092 Jul.
1287 3050 1344 3091 D.
1372 3050 1413 3090 fl.
1438 3056 1476 3092 1.
1511 3048 1610 3091 614.
1673 3047 1723 3088 Ρ.
1756 3045 1966 3102 palustris
2001 3045 2125 3086 Roth.

344 3120 449 3155 tent.
469 3118 507 3157 2.
547 3120 580 3156 1.
619 3117 713 3159 117.
775 3112 826 3153 Ρ.
859 3109 1051 3153 scrotina
1082 3108 1228 3151 Gaud.
1261 3108 1435 3150 helv.1.
1464 3108 1590 3156 256„
1626 3111 1666 3147 et
1697 3118 1869 3159 quoque
1901 3103 2125 3144 Ebrhartii

346 3171 584 3213 secundum
618 3173 674 3213 cl.
703 3171 871 3226 Meyer.
895 3169 939 3210 in
972 3169 1105 3210 chlor.
1132 3168 1288 3208 hanov.
1309 3169 1343 3211 1.
1364 3166 1479 3215 632.,
1515 3164 1591 3205 sed
1625 3178 1778 3205 nomen
1812 3163 2123 3214 incongruum,

347 3243 441 3269 nan¹
478 3234 627 3281 p'auta
657 3228 918 3285 praecocius
952 3240 1039 3269 non
1071 3226 1209 3276 floret,
1245 3238 1372 3280 quam
1405 3223 1554 3264 affinis
1588 3222 1639 3263 P.
1660 3219 1895 3263 nemoralis
1927 3226 1966 3259 et
1992 3219 2124 3260 huius

347 3300 413 3329 vai
444 3291 606 3332 etate:
669 3289 718 3329 P.
754 3286 895 3329 effusa
925 3285 1018 3328 Kit.
1060 3284 1106 3327 iu
1150 3282 1319 3326 Schult.
1361 3287 1493 3326 oestr-
1540 3280 1585 3327 fl.
1612 3283 1651 3326 1.
1684 3283 1784 3327 227.
1845 3277 1895 3321 Ρ.
1926 3276 2125 3334 angusti-
