2200 3525
270 213 336 261 54
920 168 1390 255 canclrERAr..

275 367 489 410 Brassica
532 365 755 409 austriaca
793 362 920 420 Jacq.
961 377 1000 406 a.
1041 367 1072 405 t.
1091 365 1195 409 283.
1259 363 1384 405 Haec
1426 361 1599 419 species
1640 376 1692 405 ex
1736 363 2066 409 characteribus

279 427 579 486 sisymbrium
613 430 696 466 est.
759 421 882 465 Flor.
918 422 1034 465 flavi.
1978 424 2036 466 G·

400 516 465 557 13.
498 510 761 552 SYRENIA
793 509 1184 566 (Andrzejowsci)
1230 507 1408 563 Siliqua
1439 505 1652 560 linearis,
1698 521 1832 549 nervo
1864 509 2067 552 valvula-

280 587 376 615 rum
399 570 597 612 solitario
617 569 882 625 prominulo,
917 568 1287 624 quadrangularis
1310 567 1378 607 vel
1405 567 2068 623 compresso-quadrangularis.

282 630 457 687 Stigma
488 630 691 669 obtusum
725 629 945 683 integrum
976 628 1047 669 vel
1081 627 1417 680 emarginatum.
1479 623 1596 666 Sem.
1630 625 1675 667 in
1711 639 1884 680 quoque
1923 627 2070 669 loculo

280 687 529 731 biserialia.
559 685 708 741 (Sem.
744 686 1031 727 biserialibus
1065 687 1118 726 ab
1152 684 1353 740 Erysimo
1388 682 1577 739 differt.)

402 764 438 804 1.
471 758 523 800 S.
559 771 896 800 ANGUSTIPOLIA
930 757 1262 814 (Reielienbach
1297 756 1335 796 fl.
1373 769 1467 799 exc.
1503 770 1542 810 p·
1562 755 1687 813 689.)
1726 755 1917 811 Siliquis
1951 757 2070 812 stylo

282 820 419 860 multo
451 818 755 873 longioribus,
801 817 983 858 floribus
1016 816 1367 865 subsessilibus,
1402 814 1525 855 foliis
1559 815 1801 856 linearibus
1834 816 2072 871 integerri-

282 877 381 918 mis.
417 876 496 933 Θ.
534 877 587 917 In
620 875 817 952 arenosis
852 875 1027 930 (bisher
1059 873 1250 971 blosszin
1278 872 1610 970 Unterilistreich
1644 874 1752 914 nach
1777 872 1943 940 Host.)·
1965 873 2070 940 Jnn.

283 934 560 1048 Erssffi‘uss'
581 932 1255 1050 afligliistfiffi}[Xdssiiiihetbiziii'.
1285 945 1326 1034 ξ’).
1359 931 2070 1045 {13:¹¹⁰ffi'hgiffassiitlffllsor'xziffggfftzss

281 1051 403 1095 Poir.
436 1053 580 1108 suppl.
599 1055 639 1095 2.
673 1053 771 1098 781.
835 1050 914 1092 Ch.
946 1063 1083 1092 canus
1115 1047 1219 1091 Pill.
1265 1053 1307 1090 et
1341 1047 1542 1091 Mitterb.
1575 1048 1622 1091 it.
1654 1062 1700 1105 p.
1723 1048 1819 1092 146.
1880 1046 2074 1105 Syrenia

285 1111 495 1153 Ehrharti
526 1110 692 1152 Andrz.

405 1213 526 1267 Trib.
562 1212 649 1254 ΙΙΙ.
709 1209 1138 1254 BRASSJCEAE
1173 1222 1251 1251 seu
1284 1182 1531 1264 siliquosae>
1561 1207 1882 1265 orthoploceae.
1944 1207 2076 1262 Coty·
2127 1182 2139 1196 x

285 1271 467 1315 ledones
499 1271 830 1325 incumbentes,
863 1269 1006 1312 medio
1038 1267 1425 1328 longitudinaliter
1455 1269 1673 1325 plicatae,
1707 1269 1779 1309 vel
1810 1269 1930 1311 circa
1960 1268 2077 1310 radi-

286 1332 430 1373 culam
462 1330 737 1372 convolutae.

410 1433 478 1478 14,
518 1429 817 1473 BRASSICA
858 1429 935 1487 (L.
978 1443 1078 1487 gen.
1101 1429 1233 1482 820.)
1288 1427 1467 1483 Siliqua
1515 1426 1700 1469 linearis
1745 1429 1816 1470 vel
1861 1428 2075 1485 oblonga:

289 1491 496 1532 valvulae
526 1504 772 1542 convexae,
826 1503 960 1530 nervo
1003 1489 1166 1530 dorsali
1201 1493 1344 1541 recto,
1388 1488 1644 1528 lateralibus
1679 1488 1841 1540 nullis,
1887 1487 1957 1529 vel
2004 1501 2078 1529 no-

291 1555 410 1592 tatae
441 1549 585 1600 venis,
616 1549 661 1590 in
686 1562 868 1589 nervum
893 1548 1119 1589 lateralem
1147 1547 1381 1588 obscurum
1408 1546 1612 1600 utrinque
1635 1547 2079 1588 anastomosantibus.

291 1606 411 1649 Sem.
444 1607 657 1665 globosa,
702 1607 749 1647 in
782 1606 940 1661 quovis
973 1607 1116 1647 loculo
1150 1604 1425 1647 uniserialia.
1491 1603 1786 1661 Cotyledones
1818 1605 2076 1646 incumben-
2145 1636 2151 1644 .

290 1671 386 1718 tes,
420 1665 1057 1721 canaliculato·complicatae.
1912 1676 1921 1683 ’

411 1743 448 1782 1.
481 1738 534 1780 Β.
566 1750 805 1780 cLEnAcEA
848 1736 925 1789 (L.
958 1751 1024 1793 sp.
1046 1735 1173 1794 932.)
1218 1737 1298 1781 fol.
1342 1735 1543 1792 glaucis,
1587 1735 1876 1776 inferioribus
1919 1735 2078 1790 lyratis

290 1797 542 1854 petiolatis,
586 1797 891 1852 superioribus
936 1797 1141 1854 oblongis
1174 1796 1439 1848 sessilibus,
1483 1794 1685 1836 racemis
1717 1804 1828 1836 ante
1861 1790 2084 1836 anthes-iri

292 1856 526 1911 elonyatis
557 1857 703 1908 laxis,
739 1856 900 1909 calyce
936 1864 1090 1896 erecto
1124 1855 1301 1905 clauso,
1336 1854 1620 1895 staminibus
1651 1854 1867 1895 omnibus
1895 1854 2079 1895 erectis.

292 1913 368 1972 Θ.
417 1915 587 1956 Colitur
633 1914 679 1956 in
723 1914 874 1956 multis
918 1913 1226 1955 varietatibus.
1263 1913 1400 1954 Maio.
1431 1912 1538 1954 Jun.
1571 1913 1628 1954 D.
1660 1912 1762 1956 fl.4.
1797 1915 1896 1959 707.
1958 1912 2082 1958 Flor.

291 1973 571 2025 ochroleuci,
605 1973 750 2015 rarius
782 1972 886 2015 albi.
946 1973 1076 2015 Folia
1111 1972 1392 2029 glaberrima.
1918 1970 2049 2013 Colit.

410 2050 451 2090 2.
504 2044 559 2091 B.
596 2044 723 2087 RAPA
773 2044 847 2102 (L.
891 2060 960 2102 sp.
979 2045 1105 2103 931.)
1154 2045 1233 2089 fol.
1274 2043 1405 2099 primi
1454 2043 1561 2086 anni
1603 2042 1850 2097 viridibus,
1898 2043 2082 2086 secundi

294 2105 496 2161 glaucis,
541 2105 829 2146 inferioribus
860 2105 1051 2162 lyrafis,
1100 2103 1405 2159 superioribus
1447 2103 1604 2144 ovatis
1647 2103 1934 2144 acuminatis
1977 2103 2083 2144 basi

291 2164 535 2218 profunde
567 2163 769 2204 cordata
801 2163 1246 2219 ampleaeicaulibus,
1280 2161 1483 2202 racemis
1515 2161 1601 2202 sub
1636 2161 1824 2203 antlzesi
1844 2161 2080 2217 fastigia-

295 2223 388 2277 tis,
419 2222 628 2276 floribus
672 2222 853 2275 apertis
895 2222 1145 2264 alabastra
1179 2221 1396 2274 conserta
1438 2220 1807 2274 superantibus;
1853 2221 2082 2274 calycibus

295 2280 485 2335 denique
519 2280 851 2321 horizontaliter
880 2281 1164 2336 patentibus,
1195 2279 1459 2321 staminibus
1493 2279 1772 2320 brevioribus
1805 2277 2079 2333 patulo-ad-

296 2339 624 2381 scendentibus.
657 2337 717 2395 Θ
751 2345 792 2381 et
823 2338 896 2396 Θ.
961 2338 1133 2380 Colitur
1175 2343 1217 2379 et
1255 2338 1368 2379 inter
1400 2343 1576 2393 segetes
1609 2337 1711 2378 hinc
1746 2337 1848 2378 inde
1880 2337 2084 2392 frequen-

297 2404 362 2439 ter
394 2398 519 2453 quasi
553 2404 794 2452 spontanea
826 2398 1113 2452 propullulat.
1148 2397 1287 2451 April.
1315 2396 1426 2441 Mai.
1468 2396 1582 2436 Flor.
1618 2396 1739 2437 lutei.
1773 2396 1829 2436 D.
1862 2395 1959 2438 ΗΑ.
1983 2396 2082 2439 709.

296 2455 450 2512 Napus
484 2454 607 2512 Rapa
637 2455 804 2510 Spenn.
838 2456 942 2497 frib.
964 2458 1005 2499 3.
1039 2456 1136 2500 941.
1173 2455 1276 2511 (ubi
1310 2455 1583 2496 characteres
1606 2453 1850 2509 specierum
1878 2453 2082 2495 affinium

297 2514 480 2572 egregie
513 2514 699 2570 expositi
733 2514 860 2571 sunt)
891 2539 952 2547 -—
995 2513 1123 2559 Quae
1153 2514 1269 2555 inter
1311 2520 1487 2570 segetes
1530 2517 1686 2567 sponte
1728 2512 1971 2566 excrescit,
2013 2525 2081 2553 ra-

298 2574 394 2615 dice
426 2574 546 2615 tenui
590 2572 805 2614 instructa
845 2579 941 2626 est,
986 2579 1054 2626 et,
1107 2572 1348 2614 secuudum
1382 2572 1656 2626 specimina,
1709 2584 1735 2611 a
1766 2569 1832 2614 Cl.
1867 2571 2083 2612 Hartman

297 2633 586 2684 transmissa,
621 2629 873 2673 Brassicam
907 2636 1193 2687 campestrem
1227 2631 1359 2671 Linn.
1403 2630 1446 2672 fl.
1479 2644 1599 2672 suec.
1643 2635 1685 2672 et
1726 2630 1842 2687 lapp.
1885 2629 2082 2674 exhibet.

296 2691 501 2733 Varietas
535 2691 604 2732 vel
637 2690 783 2745 potius
815 2691 949 2747 stirps
979 2690 1210 2745 ‘primitiva
1243 2694 1333 2731 est:

414 2757 457 2808 β.
491 2750 717 2804 oleztfera,⁸
747 2749 898 2791 radice
930 2748 1036 2790 exili
1065 2747 1241 2789 bienni:
1295 2746 1608 2804 zweijahriger
1635 2744 1923 2802 Riibenreps,
1953 2743 2081 2788 Win-

298 2809 634 2864 terriibenreps,
693 2807 747 2853 B.
781 2808 903 2865 Rapa
933 2807 1118 2849 oleifera
1152 2805 1328 2848 biennis
1360 2806 1565 2863 Metzger
1594 2809 1706 2862 syst.
1739 2804 1921 2851 Beschr.
1953 2806 2083 2862 p.50.

297 2866 390 2909 DC.
424 2872 535 2923 syst.
557 2871 598 2912 2.
630 2869 731 2912 591.

411 2943 456 2986 y.
491 2941 679 2977 annua,-
721 2923 872 2966 eadem
906 2922 1126 2975 varietas,
1161 2927 1205 2964 at
1235 2922 1362 2964 radix
1393 2933 1567 2974 annua,
1610 2926 1652 2963 et
1682 2921 1851 2975 caulis,
1893 2920 2110 2975 siliquaex

298 2985 558 3040 seminaque
599 2985 795 3027 minora:
853 2983 928 3027 ΒΡ.
962 2982 1086 3038 Rapa
1129 2980 1313 3022 oleifera
1354 2995 1502 3022 annua
1532 2981 1697 3035 Metzg.
1731 2979 1758 3020 Ι.
1794 2993 1829 3020 c.
1865 2978 2085 3020 Sommer-

299 3045 554 3099 riibenreps.
589 3074 602 3085 .
643 3043 703 3084 H.
743 3043 774 3084 l.
805 3042 1003 3083 videtur:
1058 3039 1111 3081 B.
1141 3053 1331 3096 praecox
1361 3039 1432 3081 W.
1466 3044 1508 3081 et
1538 3039 1597 3079 K.
1631 3052 1684 3079 ex
1715 3039 1926 3080 Hornem.
1962 3036 2083 3078 hafn.

298 3105 340 3146 2.
370 3104 471 3145 621.

420 3160 486 3202 Cl.
520 3159 721 3216 Metzger
751 3158 1008 3201 varietatem
1042 3165 1082 3217 β.
1116 3156 1288 3199 cultura
1319 3155 1536 3215 diligente
1566 3154 1613 3197 in
1645 3152 1696 3196 B.
1730 3154 1893 3211 Rapam
1924 3153 2083 3208 vulga-

301 3232 389 3260 rem
422 3218 661 3275 oblongam
695 3216 1017 3260 transmutavit.
1917 3212 2051 3254 Colit.

414 3293 455 3334 3.
487 3291 540 3332 Β.
574 3291 729 3333 NAPUs
764 3290 844 3346 (L.
879 3304 944 3346 sp.
978 3304 1019 3346 p.
1039 3288 1126 3334 938
1174 3302 1226 3329 ex
1257 3286 1593 3341 descriptione.)
1637 3285 1713 3327 fol.
1758 3284 1931 3342 glaucis
1972 3284 2084 3326 infe-

299 3348 496 3393 riorib‘us
526 3350 686 3406 lyratis
718 3348 1020 3407 superioribus
1053 3346 1260 3405 oblongis
1289 3345 1458 3403 postico
1489 3344 1824 3403 subangustatis
1855 3343 1956 3386 basi
1989 3355 2082 3384 cor-
