2200 3525
260 187 294 232 4
808 172 960 226 RAN
967 170 1062 226 UN
1071 168 1466 228 CULACEAE.
1689 190 2046 229 THALICTRUM.

264 342 361 386 fere
394 339 710 397 capillaribus‚
741 335 910 379 foliolis
941 335 1214 389 minoribus,
1263 340 1305 378 et
1335 335 1542 394 stigmate
1573 335 1655 378 sub
1688 335 1861 380 anthesi
1893 338 2044 383 lateri·-

263 400 348 445 bus
379 400 475 441 suis
506 398 741 440 retrorsum
775 395 1129 436 accumbentibus
1161 400 1203 436 et
1234 395 1354 449 pilis.
1423 395 1594 436 Variat:
1829 404 1834 406 ·

383 466 426 515 β.
462 462 595 498 totum
626 455 837 510 glabrum.
875 452 982 494 Cum
1003 453 1182 508 specim.
1203 454 1361 509 pilosis
1394 453 1440 495 in
1458 453 1576 496 valle
1597 451 1802 495 Oetzthal
1829 453 1915 511 leg.
1934 454 2046 498 Zuc-

266 515 421 582 oarini.
481 515 532 556 Τ.
563 514 752 567 alpes-tre
785 511 928 553 Gaud.
961 511 1078 557 helv,
1102 514 1144 554 3.
1177 526 1220 568 p.
1246 513 1367 555 5031>

379 602 420 645 4.
453 599 502 641 Τ.
534 612 682 641 MINUS
716 598 795 655 (L.
829 612 894 654 sp.
914 600 1037 650 769.)
1069 599 1194 640 caule
1220 599 1371 638 striato
1393 597 1713 651 subpruinoso,
1749 598 1917 641 foliolis
1935 599 2045 642 ‘sub-

261 658 462 705 rotundis
495 660 565 700 vel
597 658 1001 700 cuneato-obovatis
1026 656 1276 698 tridentatis
1309 656 1379 697 vel
1404 655 1561 696 trifidis
1594 662 1635 697 et
1658 657 2044 712 quinquedcntatis

264 721 418 762 subtus
449 717 624 774 glaucis
656 716 825 773 glabris
857 716 927 757 vel
960 715 1221 771 glandulosc
1250 714 1620 768 pubescentibus,
1644 716 1880 767 *auriculis
1914 717 2044 771 vagti-

261 790 436 822 narum
477 776 684 817 brevibus
725 775 1000 816 rotundatis
1054 772 1337 813 denticulatis
1375 772 1583 825 patulis,
1639 774 1838 826 stipellis
1884 776 2044 829 nullis,

260 835 396 879 ramis
428 834 663 889 paniculae
694 832 969 874 intermediis
1001 830 1416 872 subborizontaliter
1449 830 1808 885 divergentibus,
1832 833 2044 886 floribus

260 893 431 949 sparsis
449 892 785 934 subumbellatis
813 889 1432 945 staminibusquependulis.
1463 884 1529 941 Zfi.
1575 889 1625 928 In
1648 891 1802 943 pratis,
1832 892 2040 943 collibus,

260 953 372 994 locis
404 951 587 992 incultis
619 949 781 1006 (durch
811 949 868 990 D.
900 963 942 990 u.
976 948 1016 989 d.
1046 948 1223 1000 Schw.‚
1258 946 1367 989 doch
1401 946 1520 988 nicht
1553 947 1763 1002 iiberall.)
1797 947 1906 989 Mai.
1937 949 2043 992 Jun.

263 1010 349 1051 Th.
383 1014 634 1051 montanum
666 1008 819 1050 Wallr.
852 1006 1091 1049 scbd.255.
1135 1006 1191 1046 D.
1224 1004 1265 1045 fl.
1285 1007 1326 1047 4.
1354 1007 1448 1048 125.
1493 1004 1715 1046 T.'maius
1747 1006 1871 1061 Jacq.
1906 1011 2041 1050 austr.

259 1073 290 1112 t.
307 1062 419 1114 42οῘ
474 1066 639 1122 Sepala
669 1066 860 1107 virentia
891 1079 1024 1120 saepe
1054 1077 1247 1120 purpura
1280 1064 1437 1104 leviter
1470 1063 1623 1104 tincta.
1684 1063 1861 1105 Variat:

378 1146 422 1172 α.
465 1126 637 1168 virens.
685 1125 810 1167 caule
850 1124 1019 1178 nitido,
1063 1123 1140 1164 fol.
1175 1122 1368 1164 obsolete
1398 1122 1639 1178 pruinosis.
1702 1122 1756 1165 T.
1787 1127 2041 1166 montanum

262 1205 293 1234 α
322 1185 472 1227 virens
504 1184 658 1225 Wallr.
691 1185 719 1224 l.
745 1197 785 1225 c.

411 1273 420 1283 .
466 1243 693 1284 roridum.
737 1241 862 1283 caule
904 1240 1113 1296 foliisque
1155 1237 1404 1294 pruinosis:
1451 1237 1504 1279 T.
1537 1238 1683 1279 minus
1722 1237 1819 1281 DC.
1863 1244 1973 1296 syst.
2000 1244 2038 1284 1.
2105 1266 2108 1267 ν

260 1304 361 1349 178.
394 1302 503 1343 exul.
536 1315 633 1357 syn.
666 1299 888 1355 Jacquini.
950 1299 1003 1339 T.
1037 1304 1288 1339 montanum
1321 1296 1512 1338 roridum
1544 1297 1698 1337 Wallr.
1734 1299 1761 1338 l.
1789 1311 1826 1339 c.

342 1419 351 1429 ⁸
374 1379 422 1420 y,
467 1360 813 1428 ylowe—dalmata.
852 1358 980 1426 caule
999 1357 1174 1423 petiolis
1197 1356 1369 1454 ΓαἱΙΞήίΟΙὶε
1393 1356 1552 1425 subtus
1565 1356 1635 1396 vel
1662 1355 1881 1430 utrinque,
1913 1357 2039 1413 glan-

258 1419 379 1524 3133.
399 1416 1508 1533 &ufsni{run.}²1‘3.⁵.135.¹;⁸¹52>.1ssfflfi‘zfoeffl
1524 1414 1744 1456 *⁰¹¹¹⁶¹⁰¹¹‘
1761 1414 1844 1455 Μ
1859 1429 1918 1472 '⁵'
1930 1421 1984 1458 ⁸⁸·
1999 1419 2037 1460 ²·

374 1540 418 1582 δ.
449 1537 682 1578 Strictum.
717 1536 865 1577 radice
896 1534 1075 1589 longius
1107 1537 1311 1586 repente,
1345 1531 1469 1572 caule
1497 1529 1715 1571 strictiore
1743 1529 1797 1572 ad
1829 1532 2039 1586 genicula.

253 1593 373 1638 haud
405 1594 543 1645 flexo,
576 1595 678 1635 licet
711 1593 885 1635 articuli
920 1590 1181 1646 quandoque
1213 1589 1395 1629 flexuosi
1431 1595 1696 1646 appareant,
1729 1589 1891 1644 petiolo
1922 1603 2038 1632 com-

253 1654 377 1696 muni
409 1653 563 1694 subtus
596 1653 836 1694 obsoletius
869 1652 1063 1700 sulcato,
1098 1648 1361 1703 partialibus
1393 1649 1603 1687 teretibus
1625 1648 1802 1701 angulis
1834 1644 1908 1688 vizi
1939 1656 2044 1702 pro-'

252 1711 464 1762 minulis,
498 1710 1025 1766 panicula‘angustiore,
1060 1706 1290 1762 pedicellis
1323 1705 1626 1746 brevioribusx
1659 1705 1709 1745 T.
1746 1707 1890 1747 minus
1922 1706 2037 1748 Poll.

250 1770 340 1828 pal.
358 1772 397 1813 2.
431 1784 471 1825 p.
491 1772 586 1813 100.
611 1784 665 1810 ex
688 1769 784 1810 loco
809 1773 896 1809 nat.
922 1780 1056 1823 prope
1081 1765 1120 1806 d.
1147 1763 1405 1805 Eselsferth.
1451 1762 1501 1803 Τ.
1522 1763 1709 1804 saxatile
1740 1763 1834 1804 DC.
1868 1770 1979 1819 syst.
1998 1769 2036 1808 1.

252 1830 351 1873 178.
387 1841 440 1869 ex
471 1827 650 1869 determ.
684 1827 903 1880 auctoris3
947 1839 1000 1865 an
1035 1822 1347 1864 Schleicheri?
1404 1821 1456 1862 Τ.
1485 1822 1632 1862 minus
1665 1820 1756 1862 Sm.
1789 1822 1830 1862 fl.
1865 1823 1965 1864 brit.
1993 1827 2036 1867 1.

249 1886 371 1931 584?
406 1910 458 1917 —
500 1886 568 1926 An
602 1886 772 1941 species
803 1884 1015 1940 propria?
1058 1881 1187 1923 flores
1220 1881 1372 1936 utique
1404 1884 1609 1922 nutantes
1649 1894 1730 1922 nec
1762 1881 1908 1924 erecti.
1954 1878 2037 1938 (Iu

248 1943 326 1988 der
356 1943 622 2000 Rheinpfalz
655 1958 695 1985 u.
730 1944 775 1983 in
809 1941 1082 1993 Schlesien.)

366 2021 401 2049 ε.
435 2004 697 2044 dumosam.
729 2002 898 2054 majus,
932 2000 1177 2050 ramosius,
1211 1997 1377 2039 foliolis
1402 2011 1534 2052 saepe
1552 1997 1644 2043 fere
1673 1996 1876 2052 pollicem
1900 1997 2032 2040 latis:

247 2061 305 2106 T.
332 2062 474 2114 majus
508 2060 599 2103 Sm.
632 2060 730 2102 brit.
749 2062 847 2103 585.
879 2057 977 2100 DC.
1013 2061 1122 2110 syst.
1145 2061 1180 2099 1.
1208 2059 1302 2101 179.
1357 2055 1409 2097 T.
1430 2057 1589 2096 elatum
1623 2061 1734 2096 auct.
1755 2070 2036 2112 gerni.prac-

248 2124 315 2162 ter
343 2119 469 2187 Jaccq.
519 2119 572 2160 Τ.
605 2120 766 2183 elatum
799 2117 941 2183 Gaud.
975 2130 1032 2182 ex.
1065 2129 1312 2169 synonymo
1345 2113 1635 2159 Schleicheri.
1688 2114 1740 2154 T.
1779 2116 2034 2171 ambiguum

248 2176 472 2220 Schleich.
504 2177 744 2220 secundum
771 2189 951 2231 specim.
975 2185 1185 2226 nussum3
1220 2179 1263 2213 at
1295 2172 1348 2213 Τ.
1377 2172 1633 2230 ambiguum
1663 2172 1773 2214 hort.
1800 2174 1933 2215 berol.
1967 2177 2036 2216 est

246 2249 353 2278 vera
384 2241 427 2278 et
457 2235 634 2278 diversa
665 2235 853 2291 species.

363 2325 405 2367 5.
434 2321 484 2367 Τ.
519 2334 762 2365 coLLINUM
794 2319 1037 2374 (Wallrotli
1070 2316 1218 2361 sched.
1242 2319 1370 2371 259.)
1403 2317 1529 2360 caule
1567 2317 1647 2358 sub
1669 2317 1929 2372 petiolorum
1962 2317 2034 2359 in-

246 2384 441 2426 sertione
471 2382 625 2424 striato
658 2380 923 2437 glaberrimo
965 2377 1106 2419 nitido
1146 2378 1406 2431 epruinoso,
1440 2376 1608 2417 foliolis
1642 2376 2033 2418 subrotundo-ob·

247 2443 392 2484 ovatis
424 2440 584 2482 trifidis
617 2437 1005 2494 quinquedentatis
1033 2435 1253 2476 viridibus
1286 2436 1440 2475 subtus
1473 2433 1808 2488 pallitlioribus,
1843 2435 2030 2476 auricu-

245 2500 305 2543 lis
346 2500 636 2555 vaginarum
687 2496 963 2538 rotundatis
1009 2493 1290 2535 denticulatis
1334 2493 1695 2533 horizoucalicer
1735 2493 2029 2546 patentibus,

244 2556 674 2612 ramzjficationibus
698 2554 946 2610 primariis
975 2552 1137 2598 pet-ioli
1167 2551 1446 2604 ScipellaciS,
1480 2551 1712 2606 paniculae
1744 2551 1877 2591 ramis
1910 2558 2034 2604 patu-

245 2617 305 2660 lis
336 2616 600 2673 petiolisque
631 2613 894 2667 partialibus
927 2610 1246 2660 subflexuosis‚
1279 2610 1488 2662 floribus
1528 2610 1699 2659 sparsis
1730 2609 2032 2650 staminibus-

246 2690 336 2731 que
366 2674 588 2730 pendulis.
622 2670 688 2726 21..
724 2671 775 2712 In
810 2671 999 2712 collibus
1032 2674 1074 2709 et
1104 2668 1244 2721 pratis
1275 2668 1409 2709 siccis
1444 2667 1514 2723 (in
1535 2666 1791 2717 Oestreich,
1827 2668 1870 2708 in
1891 2666 2031 2708 Sach-

244 2747 326 2776 sen
372 2734 431 2774 im
463 2732 641 2773 Elbthal
686 2729 754 2771 bis
784 2728 962 2782 Barby,
1009 2727 1067 2768 im
1104 2726 1330 2771 ,Saalthale
1372 2739 1455 2766 von
1490 2725 1620 2766 Halle
1664 2725 1734 2766 bis
1768 2725 2030 2781 Bernburg3
2077 2755 2080 2758 »

243 2793 318 2834 bei
343 2791 523 2832 Franks.
546 2804 585 2830 a.
605 2789 645 2831 d.
667 2786 746 2842 O.)
777 2787 878 2829 Jun.
907 2785 1026 2838 Jul.;
1060 2784 1183 2825 floret
1216 2785 1306 2824 fere
1339 2783 1512 2840 integro
1531 2796 1679 2824 mense
1705 2784 1864 2835 serius,
1899 2797 2030 2837 quam

243 2848 300 2892 T.
331 2850 492 2890 minus.
540 2849 595 2888 D.
627 2847 670 2888 fl.
694 2847 735 2888 4.
761 2847 855 2889 130.
899 2844 950 2885 Τ,
978 2844 1123 2883 minus
1158 2843 1280 2895 Jacq.
1314 2849 1448 2882 austr.
1482 2847 1509 2883 t.
1531 2842 1630 2885 419.
1678 2841 1729 2880 T.
1764 2841 2028 2883 concinnum

241 2905 398 2951 Willd.
440 2906 561 2951 herb.
604 2918 686 2947 nec
728 2903 840 2945 horti
872 2902 1006 2943 berol.
1068 2900 1120 2940 T.
1157 2900 1395 2940 flexuosum
1441 2898 1687 2940 Reichenb.
1723 2899 1767 2939 fl.
1803 2912 1896 2940 exc.
1941 2913 2030 2942 non

240 2964 354 3008 hort.
398 2964 524 3016 Erf.,
570 2962 713 3019 quod,
771 2960 1010 3016 secundum
1053 2959 1275 3013 specimen
1322 2971 1346 2997 a
1390 2956 1456 2998 Cl.
1501 2957 1744 2998 Bernhardi
1790 2957 2031 2998 communi-

243 3030 414 3076 catum,
450 3023 504 3064 ad
535 3022 585 3063 T.
606 3020 835 3063 sibiricum
867 3018 1099 3074 pertinere,
1135 3015 1350 3056 existimo.
1376 3039 1433 3044 —
1468 3014 1619 3056 Cauiis
1653 3015 1837 3067 nitidus,
1874 3028 2028 3070 parum

241 3081 441 3132 striatas,
476 3080 683 3136 panicula
702 3079 848 3133 ampla
878 3076 1060 3117 floribus
1085 3074 1330 3114 numerosis
1359 3074 1601 3113 minoribus
1632 3074 1875 3127 aequaliter
1907 3086 2028 3126 spar-

241 3139 335 3190 sis,
378 3140 489 3178 rami
522 3139 754 3193 paniculae
785 3134 969 3177 flexuosi
1003 3139 1044 3173 et
1075 3132 1249 3172 inferne
1275 3131 1457 3180 foliosi,
1492 3131 1698 3185 stipcllae
1731 3131 1776 3170 in
1808 3130 2026 3172 ramifica-

238 3196 438 3238 tionibus
470 3195 620 3251 petioli
639 3231 651 3249 ‚
682 3195 886 3236 foliorum
913 3192 1030 3234 color
1051 3189 1209 3231 viridis
1242 3195 1283 3230 et
1307 3189 1500 3244 carpello.
1530 3188 1700 3230 minuta
1730 3189 1811 3229 hoc
1835 3189 1887 3229 ab
1911 3183 2051 3230 ante-'

239 3254 336 3297 ced.
369 3253 662 3310 distinguunt.
729 3252 862 3293 Van:

355 3319 401 3372 β.
448 3311 523 3356 fol.
557 3312 711 3356 subtus
746 3306 1131 3369 glaucescentibus
1163 3310 1206 3348 et
1239 3303 1501 3362 quandoque
1549 3302 1811 3347 tenuissime
1842 3302 2030 3363 glandu-
