2200 3525
216 204 369 241 nosa-
593 178 605 186 ’
926 183 1330 238 ROSACEAE.
1917 196 2018 244 22?

334 366 380 409 y.
415 347 587 390 canina
620 345 819 387 collina:
868 343 1107 399 pedunculi
1153 346 1659 405 glanduloso·hispidi,
1704 349 1814 391 folia
1859 351 2015 407 glabra

215 409 289 452 vel
335 408 507 462 pilosa5
557 404 726 459 calycis
774 403 904 443 tubus
948 403 1103 458 glaber
1146 406 1216 445 vel
1260 407 1804 463 glanduloso-bispidus,
1861 412 2015 462 pericli

219 465 445 524 glandulis
477 463 621 503 rarius
654 462 724 502 vel
758 460 941 502 densius
984 460 1215 515 adspersi,
1263 469 1304 504 et
1347 466 1479 507 simul
1522 467 1654 522 pilosi
1700 468 1770 509 vel
1803 469 1909 523 pilis
1942 470 2014 511 de-

243 524 377 567 tituti.
441 520 496 561 H.
532 521 562 561 l.

215 540 237 568 s
337 586 371 624 1.
405 578 746 632 semper-virens
780 576 908 628 Rau„
943 591 1029 617 non
1065 577 1134 628 L„
1169 576 1217 617 R.
1255 577 1367 621 Ravi
1402 582 1559 634 Tratt.,
1596 583 1644 625 R.
1680 584 2014 640 andegavensis

214 640 338 682 Bast.
373 639 481 680 folia
518 638 695 690 ¹glabra,
732 636 884 676 foliola
915 636 1178 689 simpliciter
1210 645 1408 690 serrata,
1443 642 1680 695 pedunculi
1713 644 1900 700 hispidi.
1962 645 2013 687 R.

216 699 425 754 ambigua
458 696 552 747 Lej.
587 695 660 736 fol.
698 694 1162 749 duplicato-serratis,

333 761 376 799 2.
413 755 583 796 collina
616 753 740 808 Jacq.
776 760 816 793 et
850 754 988 804 Ram,
1038 752 1190 807 petioli
1235 758 1275 794 et
1319 754 1473 795 foliola
1518 759 1673 799 subtus
1706 760 2012 815 pubescentia,

215 815 324 857 haec
357 813 619 866 simpliciter
651 818 832 853 serrata.
865 811 988 865 Jacq.
1021 817 1155 852 austr.
1189 816 1219 853 t.
1249 814 1345 857 197.
1398 814 1454 852 H.
1487 816 1512 854 l.
1559 816 1883 871 Rcampcstris
1916 820 2013 862 Sw,

216 874 268 916 R.
305 872 509 915 saxatilis
557 869 678 913 SteV.
753 870 806 914 R.
842 869 1151 923 Boreykiana,
1215 870 1265 912 R.
1300 870 1608 915 Ratomsciana
1660 882 1701 917 et
1743 877 1794 918 R,
1828 878 2011 920 humilis

215 931 345 974 Bess.
409 930 461 970 R.
495 929 728 970 caucasica
764 928 981 969 Bieberst.

333 992 374 1032 3.
405 987 696 1043 psilophgslla
728 987 864 1038 Rau„
900 986 1055 1028 foliola
1088 986 1525 1042 duplicato-serrata
1558 991 1713 1033 subtus
1749 993 1914 1046 glabra.

333 1049 375 1091 4.
411 1045 752 1100 trac-hyphylla
786 1045 928 1096 Rau„
964 1045 1118 1086 foliola
1149 1046 1460 1102 subtriplicato
1510 1057 1679 1090 serrata
1711 1053 1894 1107 glabra,
1929 1060 1972 1096 et

335 1110 374 1149 5.
397 1107 627 1160 flexuosa
664 1105 800 1158 Ram,
833 1104 987 1144 foliola
1020 1105 1571 1160 subtriplicato—serrata‚
1606 1109 1764 1150 subtus
1799 1112 1904 1165 pilis
1938 1114 2013 1155 ad·

220 1179 405 1221 spersa3
449 1164 505 1204 ad
548 1169 636 1203 tres
679 1162 858 1203 ultimas
897 1162 1138 1217 pertinent:
1208 1163 1253 1204 R.
1288 1165 1506 1217 nitidula,
1555 1165 1601 1208 R.
1637 1166 1942 1212 Jundzilliana
1976 1178 2018 1214 et

217 1224 270 1265 R.
307 1222 568 1276 glandulosa
600 1220 726 1261 Bess.
761 1224 872 1273 (non
907 1220 1131 1276 Bellard.)
1166 1220 1215 1262 R.
1245 1223 1667 1276 Andrzejowsciana
1701 1225 1823 1269 Stev.
1871 1229 1919 1270 R.
1954 1231 2022 1273 fa-

218 1270 402 1339 stigiata
438 1280 559 1320 Bast.
605 1279 655 1323 R.
691 1279 924 1320 leucantlia
959 1278 1202 1331 Bieberst.,
1250 1282 1453 1333 (floribus
1486 1283 1578 1325 fere
1611 1284 1762 1339 albis.)

339 1338 546 1380 Omnium
580 1337 840 1378 varietatum
877 1337 1169 1392 pulcherrima
1205 1349 1294 1382 est:

337 1400 469 1440 Rom
493 1396 618 1447 alba,
654 1395 781 1452 L.sp.
800 1398 897 1448 705,
933 1410 1043 1450 quae
1069 1399 1284 1439 inumeris
1306 1398 1712 1443 modificationibus
1731 1402 1776 1443 in
1797 1403 1936 1447 hortis
1954 1420 2023 1448 co-

219 1456 352 1508 litur,
399 1458 530 1497 etiam
574 1454 754 1496 floribus
790 1455 926 1495 dilute
970 1457 1157 1497 carneis.
1224 1455 1487 1498 Cei-tissime
1532 1462 1724 1502 varietas
1769 1468 1838 1503 est
1871 1464 1919 1505 R.
1954 1479 2023 1506 ca-

220 1516 355 1556 ninae
387 1515 578 1556 collinae
611 1513 794 1554 floribus
828 1514 1005 1569 plenis,
1052 1520 1122 1566 et,
1169 1522 1346 1570 praeter
1378 1515 1491 1558 hanc
1524 1526 1704 1574 notam,
1750 1534 1805 1565 ne
1845 1523 2028 1565 minima

220 1574 310 1615 alia
341 1573 574 1628 reperitur.

341 1635 383 1676 δ.
418 1631 591 1672 canina
622 1629 829 1683 sepium,
876 1629 1029 1685 petioli
1073 1635 1115 1671 et
1160 1631 1315 1672 foliola
1360 1633 1519 1674 subtus
1554 1634 1622 1675 vel
1657 1635 1788 1677 etiam
1823 1638 2030 1694 utrinque

219 1689 447 1746 glandulis
482 1689 672 1729 viscosis
708 1688 943 1742 adspersa,
981 1688 1221 1743 pedunculi
1257 1699 1297 1730 et
1332 1692 1502 1745 calycis
1537 1694 1666 1733 tubus
1703 1696 1859 1750 glabri.
1922 1697 2030 1738 For-

223 1749 308 1789 mis
343 1747 616 1788 intermediis
668 1747 713 1788 in
759 1747 1068 1788 antecedentes
1111 1748 1350 1790 varietates
1398 1751 1572 1792 transit.
1635 1750 1844 1796 Proxima
1876 1762 1942 1797 est
1973 1756 2026 1798 R.

222 1807 538 1863 rubiginosae,
572 1819 699 1859 quam
734 1805 952 1846 conferas.

342 1864 500 1904 Forma
534 1865 695 1915 maior,
746 1863 914 1904 foliolis
948 1875 1083 1916 Saepe
1116 1864 1247 1904 basin
1281 1879 1443 1906 versus
1480 1870 1751 1912 attenuatis:
1817 1870 1864 1912 R.
1898 1873 2032 1929 gluti-

223 1935 335 1963 nosa
368 1922 564 1962 Schultz.
599 1924 710 1973 (non
746 1921 865 1977 Sm.)
910 1922 960 1962 R.
994 1921 1177 1964 Kluckii
1210 1923 1337 1965 Bess.
1381 1923 1435 1969 R.
1472 1928 1644 1982 stylosa
1673 1946 1717 1987 y.
1767 1931 2033 1987 glandulas&

220 1980 316 2022 DC.
352 1980 495 2036 prodr.
518 1984 562 2024 2.
597 1982 700 2024 599.

336 2053 496 2094 Forma
542 2052 710 2102 minor,
768 2051 1062 2107 microphylla
1117 2057 1159 2094 et
1216 2068 1351 2110 saepe
1397 2056 1684 2100 micrantha:
1760 2059 1809 2100 R.
1856 2059 2029 2115 sepium

221 2110 388 2152 Tbuill.
454 2111 502 2152 R.
539 2110 782 2166 myrtifolia
825 2111 945 2153 Hall.
980 2111 1042 2153 fil.
1106 2111 1156 2153 R.
1190 2113 1462 2171 rubiginosa
1493 2130 1517 2158 o
1549 2119 1723 2174 sepium
1753 2117 1850 2160 DC.
1882 2119 2029 2174 prodr.

220 2173 262 2215 2.
296 2171 425 2224 617„
461 2170 569 2211 excl.
605 2183 704 2224 syn.
742 2169 867 2210 Ravi.

339 2243 389 2284 R.
424 2242 646 2285 coriisolia
677 2241 807 2284 Fries
842 2254 944 2283 nov,
980 2242 1050 2288 ed.
1075 2245 1110 2286 1.
1153 2257 1194 2299 p.
1218 2246 1303 2298 33,
1356 2245 1422 2287 ed.
1449 2251 1489 2292 2.
1528 2248 1639 2300 147,
1684 2249 1730 2290 in
1776 2250 1944 2292 ditione
1988 2251 2031 2292 fl.

222 2306 400 2342 nostrae
432 2302 622 2342 nondum
658 2301 786 2354 lecta,
823 2315 849 2342 a
881 2301 929 2342 R.
966 2301 1127 2343 canina
1160 2303 1433 2346 dumetorum
1468 2307 1647 2359 „fructu
1684 2308 2032 2365 depresso-glo-

223 2359 361 2414 boso,
403 2359 696 2414 praecociori,
743 2359 829 2400 iarn
875 2361 1006 2401 initio
1039 2359 1315 2415 Septembris
1363 2371 1532 2406 maturo
1565 2372 1607 2408 et
1639 2368 1776 2420 molli,
1811 2374 1879 2420 et,
1926 2369 2029 2410 dum

222 2417 363 2470 vivit,
398 2419 548 2458 habitu
581 2417 758 2472 proprio
791 2418 1023 2460 diversa.“
1085 2420 1152 2462 Cl.
1187 2428 1339 2462 auctor
1372 2423 1417 2463 in
1451 2423 1539 2465 litt.

346 2505 410 2546 11.
446 2502 494 2543 R.
520 2516 801 2547 aumcmosa
828 2504 897 2559 (L.
931 2510 1065 2547 mant.
1088 2509 1128 2548 2.
1154 2507 1275 2559 564.)
1303 2509 1481 2551 aculeis
1503 2510 1677 2553 validis
1696 2513 1903 2567 falcatis
1926 2513 2034 2556 basi

225 2561 444 2603 dilatatis
464 2563 764 2615 compressis,
800 2573 1082 2606 truncorum
1103 2565 1290 2619 sparsis
1311 2567 1661 2623 inaequalibus,
1699 2573 1941 2613 minoribus
1966 2587 2032 2614 re-

226 2620 442 2662 ctioribus
457 2620 789 2676 gracilioribus,
823 2624 1089 2664 ramulorum
1104 2625 1498 2679 substipularibus,
1526 2628 1693 2669 foliolis
1718 2629 1790 2674 5—'7
1818 2630 2030 2685 ellipticin

225 2684 350 2719 acute
383 2678 863 2733 duplicato-serratis,
897 2683 1165 2723 serraturis
1193 2684 1404 2737 patuli-9,
1449 2687 1630 2740 stipulis
1663 2687 1868 2728 foliorum
1902 2689 2030 2731 flora·

223 2737 331 2779 lium
368 2737 578 2790 ellipticis
613 2737 831 2789 dilatatis,
866 2739 1053 2793 reliquis
1087 2741 1299 2797 oblongis
1335 2743 1646 2797 planiusculis,
1681 2746 1896 2788 auriculis
1928 2761 2031 2790 ova·

223 2797 281 2836 tis
315 2797 579 2837 acuminatis
614 2798 859 2850 porrectis,
907 2797 1115 2839 laciniis-
1138 2799 1318 2853 calycis
1345 2802 1649 2856 pinnatrfidis
1682 2806 1889 2846 corollam
1923 2808 2030 2848 sub-

225 2854 518 2907 sequentibus
564 2854 740 2896 reflexis
799 2856 854 2896 de
908 2856 1054 2897 fructu
1110 2864 1431 2900 maturescente
1482 2861 1708 2914 deciduis,
1765 2863 2032 2917 pedunculis

223 2911 470 2952 fructiferis
505 2913 656 2964 rectis,
682 2914 933 2967 fructibus
965 2914 1257 2957 subrotundis
1292 2919 1630 2974 cartilagineis.
1664 2918 1722 2978 ’5.
1755 2920 1806 2962 In
1840 2923 2031 2965 dumeti·

225 2974 268 3010 et
299 2970 548 3023 sylvaticis.
613 2971 717 3014 Jun.
781 2973 836 3014 D.
875 2972 915 3014 fl.
934 2975 974 3015 3.
1007 2971 1109 3018 472.
1142 2974 1266 3029 Jacq.
1294 2990 1332 3017 a.
1366 2983 1394 3019 t.
1416 2981 1485 3020 50.
1538 2978 1586 3019 R.
1617 2979 1876 3035 Eglantcria
1908 2981 2029 3024 Mill.

227 3026 333 3068 dict.
369 3041 410 3069 n.
433 3029 478 3071 4.
544 3028 593 3070 R.
620 3031 864 3072 suavifolia
896 3031 1068 3087 Lightf.
1102 3040 1206 3074 scot.
1225 3035 1323 3077 262.
1388 3035 1637 3092 virgultum
1671 3038 1873 3093 densius,
1898 3053 2032 3095 quam

226 3084 276 3126 R.
312 3086 527 3141 caninae,
573 3088 744 3130 eminus
779 3090 1254 3144 ferrugineo-viride,
1298 3093 1408 3134 folia
1440 3095 1725 3152 rotundiora,
1769 3097 1922 3140 dentes
1954 3113 2032 3155 pa·

226 3143 469 3196 tentiores,
506 3146 635 3188 flores
669 3148 861 3188 minores
895 3148 1116 3190 intensius
1150 3151 1391 3206 purpurei,
1435 3153 1576 3194 aculei
1611 3154 1756 3196 trunci
1789 3157 1934 3211 magis
1964 3158 2033 3199 in-

226 3204 436 3254 aequales
470 3209 511 3244 et
544 3205 692 3246 multis
727 3206 975 3247 minoribus
1010 3207 1166 3260 mixti,
1202 3208 1270 3249 his
1304 3210 1420 3251 notis
1451 3223 1477 3252 a
1509 3211 1800 3256 varietatibus
1833 3215 1882 3256 R.
1911 3216 2032 3257 cani·

226 3273 310 3300 nae
353 3260 477 3301 foliis
525 3263 802 3317 glandulosis
858 3264 1035 3320 differt,
1090 3279 1200 3320 quae
1247 3267 1430 3323 insuper
1471 3268 1623 3312 habitu
1657 3270 1800 3315 Rosae
1844 3274 2033 3315 caninae

228 3323 361 3371 sunt,
418 3318 572 3363 foliola
615 3322 1080 3380 oblongo-elliptica,
1126 3324 1392 3381 quandoque
1421 3327 1699 3385 lanceolata,
1748 3331 1880 3375 odoro
1922 3337 2033 3374 tore·

1501 3418 1607 3468 15*
