2200 3525
836 150 1359 208 AMYGDALEAE.
1882 170 1984 220 205

320 317 356 359 1.
402 314 454 356 A.
487 322 728 355 commums
772 309 848 367 (L.
882 325 946 366 sp.
964 313 1091 368 676.)
1137 316 1261 359 foliis
1294 319 1552 366 lanceolatis
1585 323 1985 381 glanduloso·ser·

201 373 337 424 ratis,
381 372 557 427 petiolo
597 383 788 425 superne
830 369 1118 426 glanduloso,
1163 374 1457 431 lonqstudinc
1500 383 1784 428 diametrum
1827 395 1989 429 trans-

198 431 430 473 versalem
449 428 563 483 folii
593 436 828 483 aequante
867 428 942 468 vel
977 442 1260 484 superante,
1307 440 1473 494 calycis
1517 444 1619 484 tubo
1661 448 1985 501 campanulato,

199 490 424 545 putamine
454 487 735 529 foraminulis
769 492 961 540 pertuso.
994 485 1052 545 5.
1102 486 1274 532 Colitur
1316 496 1360 535 in
1393 499 1648 554 regionibus
1683 504 1986 546 calidioribus.

199 545 514 601 Febr.-April.
575 544 730 586 Flores
770 544 939 601 pallide
980 545 1097 587 rosei
1140 548 1214 589 vel
1246 552 1349 593 albi.
1411 555 1534 598 Lam.
1567 562 1730 604 illustr.
1762 561 1910 609 t.430.
1944 567 1985 606 2.

197 606 253 649 D.
285 605 327 646 fl.
345 607 387 648 3.
420 619 461 661 p.
480 605 581 648 402.
1827 621 1959 663 Colit.

316 695 356 736 2.
390 691 442 732 A.
475 703 603 732 NANA
638 689 715 746 (L.
751 703 817 746 sp.
837 692 963 745 677.)
995 693 1134 747 soliis
1170 694 1428 740 lanceolatis
1462 700 1508 743 ἰη
1534 707 1761 757 petiolum
1803 708 1990 750 brevem

201 750 467 794 attenuatis
499 750 792 806 eglandulose
823 753 1007 794 serratis
1041 754 1137 794 basi
1168 753 1469 810 integerrimis
1513 764 1822 820 glabcrrimis,
1871 769 1990 823 caly-

201 811 267 853 cis
299 810 403 851 tubo
436 809 709 865 cylindrico‚
748 811 979 875 ⁸putamine
1018 812 1219 853 sublacvi
1253 815 1534 859 foraminulis
1576 822 1797 866 destituto.
1831 823 1886 885 5.
1933 828 1988 867 In

201 868 508 924 rupestribus,
557 868 654 923 (bei
687 867 846 919 Wien,
893 868 1083 919 Sauter3
1132 885 1188 912 an
1234 872 1310 912 der
1341 874 1502 917 Douau
1544 879 1706 922 hinauf
1733 884 1798 926 bis
1841 898 1991 942 gegeu

201 927 392 980 Baieru,
428 926 707 982 Zuccarini.)
740 927 881 981 April.
915 925 1048 969 Schk.
1080 933 1108 970 t.
1136 931 1229 973 131.
1261 931 1318 973 D.
1351 932 1392 973 fl.
1418 935 1458 977 3.
1492 949 1532 992 p.
1557 938 1656 982 403.
1902 943 1960 985 G.

319 1033 360 1073 2.
394 1016 656 1070 PERSICA
689 1026 924 1076 (Tournefi
949 1029 1053 1074 inst.
1079 1034 1107 1071 t.
1121 1028 1241 1085 400.)
1276 1033 1430 1090 Drupa
1456 1051 1656 1092 succosa,
1690 1041 1991 1092 indehiscens.

202 1086 418 1130 Putamen
452 1087 590 1128 sulcis
623 1087 929 1143 irregulariter
963 1094 1212 1142 exaratum,
1253 1098 1295 1134 et
1327 1093 1606 1140 foraminulis
1637 1106 1875 1154 pertusum.

323 1180 358 1219 1.
394 1174 444 1215 P.
479 1186 710 1214 VULGARIS
746 1173 887 1229 (Mill.
922 1174 1025 1217 dict.
1059 1176 1124 1217 ed.
1159 1191 1296 1234 germ.
1319 1181 1358 1224 3.
1396 1196 1436 1236 p.
1451 1183 1576 1240 465.)
1623 1183 1682 1243 5.
1748 1186 1915 1229 Colitur
1945 1189 1994 1232 in

205 1234 469 1290 regionibus
513 1233 802 1274 calidioribus
846 1233 892 1279 fl,
936 1240 1126 1277 nostrae.
1190 1236 1321 1280 Mart.
1366 1240 1505 1294 April.
1578 1243 1854 1301 Amygdalus
1888 1245 1994 1288 Per-

202 1293 296 1334 sica
327 1291 379 1337 L.
414 1305 478 1347 sp.
497 1293 595 1336 676.
657 1292 714 1332 D.
759 1291 800 1332 fl.
821 1294 863 1335 3.
908 1307 950 1347 p.
970 1294 1068 1336 404.
1133 1293 1277 1337 Foliis
1329 1306 1454 1341 acute
1496 1306 1537 1342 et
1579 1316 1711 1358 saepe
1755 1304 1999 1359 duplicato·

203 1353 404 1404 serratis,
440 1355 481 1392 et
509 1350 685 1404 petiolo
717 1350 861 1403 brevi,
896 1352 1145 1394 dimidium
1178 1356 1464 1399 diametrum
1497 1364 1864 1404 transversalem
1884 1365 2000 1418 solii

201 1424 296 1452 non
328 1417 589 1466 aequante,
626 1423 675 1451 eo
709 1410 840 1450 etiam
873 1415 1093 1465 tempore,
1129 1427 1213 1467 quo
1246 1414 1374 1456 flores
1408 1423 1450 1458 ct
1482 1419 1650 1461 fructus
1684 1435 1769 1462 non
1803 1422 1904 1474 fert,
1939 1424 1995 1463 ab

202 1469 453 1526 Amygdalo
503 1467 724 1509 communi
778 1469 1086 1525 distinguitur.
1161 1472 1314 1515 variat
1356 1475 1573 1520 fructibus
1615 1482 1900 1523 tomentosis:
1944 1479 1996 1524 Ρ.

201 1528 404 1585 vulgaris
439 1525 532 1568 DC.
568 1527 713 1583 prodr.
738 1530 777 1570 2.
812 1529 920 1578 531,
956 1532 998 1569 et

323 1595 361 1644 β.
392 1586 566 1637 laevis,
613 1585 832 1627 fructibus
876 1586 1059 1642 glabris.
1121 1586 1172 1629 P.
1206 1590 1347 1631 laevis
1393 1591 1487 1634 DC.
1527 1593 1556 1634 l.
1605 1608 1639 1636 c.
1672 1620 1730 1627 —
1792 1597 1996 1640 Ceterum

204 1643 439 1699 dispositio
464 1644 618 1685 florum
651 1650 692 1684 et
727 1658 996 1698 gemmarum
1025 1644 1233 1689 Persicae
1265 1655 1415 1692 exacte
1438 1656 1483 1693 ut
1509 1653 1554 1694 in
1579 1654 1843 1713 Amygdalo,
1879 1657 1997 1711 quod

204 1704 251 1745 in
282 1703 344 1744 M.
378 1710 418 1745 et
450 1702 506 1743 K.
539 1702 769 1745 Deutscbl.
804 1702 913 1744 flora
944 1705 1266 1762 corrigendum.
1735 1757 1742 1761 „
1832 1713 1964 1758 Colit.

321 1807 362 1848 3.
394 1802 634 1846 PRUNUS
671 1803 745 1860 (L.
781 1818 883 1861 gen.
918 1819 961 1846 n.
983 1807 1108 1860 620.)
1139 1808 1294 1865 Drupa
1327 1825 1538 1865 succosa,
1567 1813 1863 1858 indebiscens.
1907 1815 1996 1858 Pu-

206 1867 351 1906 tamen
406 1865 533 1904 laeve
574 1863 644 1904 vel
688 1864 931 1914 sulcatum,
991 1864 1274 1909 foraminulis
1318 1869 1590 1914 destitutum.
1640 1873 1866 1925 (Genera:
1915 1877 1998 1916 Ar-

208 1923 404 1964 meniaca
439 1926 480 1962 et
514 1920 734 1972 Cerasus,
782 1922 919 1962 nullis
969 1924 1101 1965 certis
1145 1926 1360 1968 limitibus
1394 1929 1754 1988 circumscripta,
1796 1947 1883 1976 non
1927 1933 2002 1976 ad-

205 1981 339 2030 misi5
375 1979 566 2022 Cerasus
597 1977 746 2021 Padus
779 1984 982 2036 putamen
1016 1984 1356 2040 rugosissimum
1390 1987 1559 2045 habet.)
1591 1989 1745 2033 Flores
1779 1992 1883 2035 albi.

335 2080 430 2115 Sect.
456 2081 481 2113 1.
529 2081 785 2114 ARMEMACA.
811 2080 1009 2115 Toum-nr.
1057 2084 1184 2127 Drupa
1207 2087 1382 2120 velutina.
1429 2089 1554 2123 Flores
1579 2091 1738 2125 solitarii
1763 2093 1819 2126 vel
1851 2095 2001 2138 gemini,

205 2125 399 2168 laterales,
423 2130 508 2159 ante
532 2126 625 2158 folia
648 2136 666 2158 e
692 2127 843 2168 gemmis
868 2128 1032 2170 propriis
1056 2130 1210 2163 evoluti.
1257 2131 1361 2164 Folia
1377 2132 1530 2172 juniora
1553 2137 1800 2169 convolutiva.

326 2217 363 2256 1.
395 2211 446 2255 P.
477 2213 759 2255 ARMENIAcA
794 2212 869 2270 (L.
896 2227 962 2270 sp.
979 2217 1107 2270 679.)
1126 2219 1336 2271 floribus
1368 2220 1628 2264 lateralibus
1660 2225 1892 2268 solitariis
1922 2241 2002 2282 93-

207 2272 439 2327 minisque
471 2272 665 2313 breviter
696 2272 1003 2328 pedicellatis,
1033 2278 1275 2328 pedicellis
1307 2279 1526 2334 inclusis,
1554 2282 1690 2335 foliis
1722 2284 1864 2325 ovatis
1896 2285 2004 2326 sub-

208 2331 422 2372 eor-datis
456 2330 720 2374 acuminatis
752 2331 976 2388 duplicato
993 2335 1206 2378 -serratis
1232 2337 1417 2395 glabris,
1449 2340 1614 2396 petiolo
1641 2342 1913 2399 glanduloso.
1939 2343 2002 2402 ’5.

205 2388 338 2431 Mart.
369 2388 510 2444 April.
1838 2400 1969 2443 Colit.

338 2502 433 2537 Sect.
461 2504 505 2536 11.
553 2505 680 2539 Pacui
709 2496 931 2540 (inuuunt.
974 2507 1102 2551 Drupa
1134 2511 1282 2552 glabra.
1314 2514 1448 2554 pruIna
1477 2516 1598 2548 caesia
1627 2516 1683 2548 vel
1717 2515 1857 2557 albida,
1891 2515 2003 2549 saeue

206 2548 445 2591 detergenda,
479 2548 618 2581 afflata.
665 2549 793 2583 Flores
818 2552 979 2584 solitarii
1004 2554 1063 2585 vel
1087 2557 1236 2598 gemini,
1264 2556 1458 2600 laterales,
1481 2562 1567 2591 aute
1588 2558 1682 2593 folia
1705 2570 1723 2592 e
1747 2561 1898 2603 gemmis
1922 2570 2004 2604 pro-

206 2593 298 2634 priis
323 2593 475 2624 evoluti.
522 2592 625 2625 Folia
640 2593 793 2632 juniora
815 2596 1065 2629 convolutiva.

324 2683 364 2724 2.
400 2677 447 2720 P.
483 2692 672 2722 srlNosA
707 2681 775 2734 (L.
810 2695 877 2737 sp.
895 2684 1018 2738 681.)
1051 2686 1249 2741 qemmis
1267 2688 1506 2742 florfferis
1538 2689 1754 2745 um‘floris
1785 2691 2004 2734 solitariis

207 2738 402 2795 geminis
436 2739 658 2792 ternisve,
691 2740 974 2793 pedunculis
1004 2743 1213 2798 ylabris,
1249 2747 1432 2788 ramulis
1464 2749 1833 2803 pubescentibus,
1878 2750 2004 2792 foliis

209 2797 424 2852 ellipticis
457 2798 526 2838 vel
561 2798 986 2855 lato-lanceolatis,
1007 2802 1258 2855 fruc-tibus
1290 2805 1489 2860 globosis
1523 2807 1703 2848 erectis.
1737 2804 1798 2864 5.
1832 2807 1882 2849 In
1916 2809 2006 2850 col·

208 2855 327 2896 libus
386 2856 582 2910 apriciS,
643 2856 862 2911 dumetis,
911 2859 1036 2911 slocis
1085 2861 1332 2916 sylvaticis.
1403 2865 1542 2919 April.
1588 2865 1700 2911 Mai.
1775 2863 1844 2906 St.
1891 2866 1930 2906 h.
1960 2869 2003 2911 9.

209 2911 411 2955 Occurrit
443 2928 538 2955 raro
572 2914 753 2957 floribus
788 2917 1066 2965 coaetaneisz
1124 2919 1173 2960 P.
1201 2921 1388 2976 spinosa
1420 2931 1458 2981 β.
1493 2928 1728 2965 coaetanea
1746 2922 1922 2967 Wimm.
1960 2930 2005 2967 ct

209 2969 342 3012 Grab.
376 2972 419 3012 fl.
454 2973 577 3014 siles.
598 2977 638 3016 2.
679 2979 713 3016 1.
747 2988 787 3029 p.
811 2976 878 3018 10.
942 2975 992 3016 Ρ.
1025 2977 1242 3020 fruticans
1279 2979 1434 3022 Weibe
1466 2982 1548 3022 bot.
1583 2988 1669 3039 ztg.
1694 2984 1733 3026 9.
1767 2985 1808 3027 2.
1839 2996 1881 3040 p.
1903 2982 2003 3029 748.

325 3060 365 3099 3.
398 3058 447 3099 Ρ.
481 3072 702 3102 INSITi'rlA
736 3061 816 3114 (L.
849 3075 919 3118 sp.
941 3064 1068 3114 680.)
1100 3066 1553 3121 yemmisfl01·1'feris
1585 3069 1886 3125 suhbffloffs,
1923 3084 2009 3126 pe-

211 3115 429 3158 dunculis
457 3118 852 3173 pubescentibus,
896 3122 1096 3165 ramulis
1126 3125 1368 3177 velutinis,
1413 3126 1538 3167 foliis
1572 3127 1808 3182 ellipticis,
1855 3129 2009 3171 fructi-

211 3173 292 3214 bus
327 3175 526 3230 globosis
561 3179 836 3219 nutantibus.
871 3176 928 3236 5.
964 3181 1014 3221 In
1047 3183 1258 3238 sepibus,
1294 3183 1515 3238 pomariis.
1560 3185 1703 3241 April.
1738 3185 1846 3228 Mai.
1891 3186 2005 3229 Ger-

212 3232 380 3272 manis:
431 3234 814 3290 Haferschlehen,
859 3237 1072 3295 Spilling.
1137 3240 1290 3281 Flores
1333 3240 1479 3293 nivei,
1531 3245 1676 3297 petala
1719 3245 2006 3287 subrotunda.

210 3288 400 3333 Fructus
434 3293 749 3346 atroviolacei5
783 3297 957 3340 variant
990 3296 1252 3352 rubicundi,
1298 3297 1400 3340 flavi
1433 3307 1475 3343 et
1507 3301 1687 3346 virides.
1750 3300 2006 3349 varietates
