2200 3525
234 143 333 190 810
898 124 1355 182 GRAMINEAE.
1763 142 2015 180 FEsTucA.

349 292 560 339 Triticum
596 287 867 333 {enuit-ulum
912 287 1033 331 Lois.
1077 293 1165 332 not.
1196 292 1266 334 27.
1342 287 1423 346 (Τ.
1455 287 1722 331 fesiueoides
1763 285 1928 330 Bertol.
1973 287 2019 330 ss.

233 357 326 400 ital.
352 358 387 398 1.
421 354 547 402 808„
603 349 659 393 T.
694 348 975 404 hispanicum
1006 346 1184 390 Vivian.
1227 360 1328 390 ann.
1353 352 1393 393 2.
1430 348 1525 391 152.
1571 354 1599 389 t.
1626 349 1666 391 3.
1711 346 1863 401 f.2.,)
1908 347 2020 388 mihi

236 415 427 455 varietas
461 410 643 450 aristaia
674 408 889 449 Festucae
921 407 1184 449 Lachenalii
1216 406 1413 458 videtur,
1449 413 1494 447 ut
1525 406 1610 447 iam
1645 406 1698 447 cl.
1734 405 1868 461 Gay„
1903 404 2019 461 apud

235 471 376 514 Gand.
397 469 508 509 helv„
535 473 572 510 1.
590 469 690 511 367.
722 465 976 520 suspicatus
1004 471 1096 520 θεῖς
1128 465 1294 506 nullum
1321 464 1433 505 enim
1458 464 1700 506 discrimen
1731 470 1904 519 praeter
1936 466 2022 505 ari-

235 536 330 573 stas
363 528 477 570 inter
509 532 739 580 utramque
770 525 962 581 reperire
993 537 1204 579 possum3
1243 524 1363 566 conf.
1397 537 1568 579 quoque
1598 523 1717 568 Bert.
1749 523 1782 565 l.
1815 535 1852 565 c.
1885 523 1989 567 809.

360 628 454 661 Sect.
479 627 524 660 ll.
572 625 870 658 Sctnnocmoa.
915 625 1095 657 Panionia.
1126 625 1257 668 rigida.
1312 623 1488 657 Pedieelli
1521 625 1670 667 breves,
1703 624 1841 667 crassi,
1871 623 1935 657 sed
1968 631 2024 655 ae-

231 674 352 719 qualis
382 672 602 705 latitudinis.
649 669 765 702 Radix
787 679 918 712 parva,
946 679 1081 703 annua.

345 763 389 805 3.
431 759 485 804 F.
520 770 682 799 memA
719 756 910 813 (Kunth.
945 770 1017 799 en.
1042 759 1082 799 1.
1116 754 1246 811 392.)
1277 755 1504 809 panicula
1539 754 1726 796 distiehe
1767 753 2024 795 unilaterali

231 824 456 864 coarctata
497 817 686 872 rigida,
732 815 881 857 ramis
923 816 1213 870 ramulisque
1256 815 1531 872 triquetris,
1579 813 1773 867 spiculis
1816 813 2023 867 oblongis

228 882 256 924 6
276 906 287 912 ·
311 881 364 923 12
395 877 521 919 floris
557 874 941 929 erecto-patulis
974 874 1315 929 approximatis,
1363 872 1642 914 lateralibus
1673 884 1890 913 ramorum
1923 870 2024 911 bre-

229 938 418 980 vissime
445 933 771 989 peclicellatz‘s,
823 932 1005 974 floribus
1049 932 1292 974 linearibus
1337 932 1509 973 obtusis
1545 931 1701 972 leviter
1733 929 2022 984 emarginatis

229 996 584 1048 brevissimeque
624 991 923 1044 mucronatis,
974 991 1122 1032 radice
1165 990 1340 1031 fibrosa.
1381 989 1457 1047 Θ.
1503 989 1555 1032 In
1599 990 1709 1031 locis
1753 987 2022 1045 graminosis

227 1055 387 1108 siccis,
435 1052 620 1102 vineis,‘
660 1051 715 1091 ad
749 1050 870 1102 vias,
920 1048 1050 1105 (δεῖν,
1084 1049 1296 1091 Littorale
1332 1049 1403 1090 bei
1435 1048 1618 1102 Fiume,
1666 1047 1841 1099 Triest3
1885 1046 1932 1087 in
1978 1045 2021 1086 d„

231 1111 420 1170 Gegend
466 1112 505 1153 de
553 1109 824 1150 Genfersees
867 1123 908 1150 u.
952 1109 998 1149 in
1042 1106 1084 1155 d.
1129 1109 1223 1149 ital.
1258 1107 1508 1162 Schweiz.)
1553 1107 1654 1148 Jun.
1687 1105 1779 1150 Jul.
1844 1103 1933 1145 Poa
1967 1103 2025 1144 ri-

228 1173 333 1229 gida
378 1171 431 1213 L.
477 1183 542 1220 sp.
571 1170 665 1211 101.
730 1167 943 1223 Glyceria
974 1167 1061 1223 rig.
1111 1165 1271 1208 Smith.
1316 1167 1434 1222 engl.
1483 1165 1527 1208 fl.
1553 1169 1590 1209 1.
1623 1166 1734 1208 419.
1796 1163 2024 1217 Megasta-

229 1233 344 1286 ciiya
379 1231 460 1281 rig.
492 1227 659 1269 Beauvss
684 1239 777 1283 agr.
799 1228 866 1272 74.
915 1224 1199 1268 Sclerochloa
1229 1225 1314 1282 rig.
1347 1224 1477 1269 Link.
1512 1237 1580 1265 en.
1598 1227 1633 1268 1.
1659 1225 1732 1268 90.
1778 1217 2022 1265 Reichenb.

227 1290 283 1332 ic.
307 1293 374 1334 11.
408 1282 438 1331 fss
464 1288 589 1332 1518.

343 1376 386 1419 4.
424 1373 474 1419 F.
509 1382 784 1415 vach'rA
822 1370 974 1426 (Desf.
1011 1370 1087 1411 atl.
1118 1371 1153 1412 1.
1185 1369 1256 1413 89.
1287 1372 1316 1410 t.
1337 1367 1435 1424 22.)
1466 1366 1693 1423 panicula
1726 1366 1915 1422 riyicla,
1950 1379 2026 1406 ra-

227 1436 317 1478 ‘mz‘s
350 1431 625 1490 triquetris,
670 1430 864 1484 spiculis
909 1429 1154 1469 linearibus
1197 1429 1325 1471 6-12
1358 1427 1479 1468 floris
1522 1428 1603 1467 sub
1637 1425 1810 1466 antbesi
1853 1424 2026 1466 divari-

230 1490 688 1548 cato-patentibus,
721 1483 1000 1529 lateralibus
1032 1500 1247 1528 ramorum
1282 1486 1552 1540 brevissime
1580 1484 1905 1538 pedicellatz‘s‚
1943 1483 2022 1523 flo-

228 1555 352 1596 ribus
385 1547 848 1593 lineari-lanceolatis
882 1546 1056 1587 obtusis
1102 1546 1294 1586 breviter
1340 1544 1630 1601 emarginatis
1674 1542 2022 1596 brevissimoque

228 1609 526 1659 mucronatis,
572 1606 720 1648 radice
752 1605 928 1647 fibrosa.
962 1603 1035 1662 Q)
1069 1604 1119 1645 In
1154 1605 1269 1645 locis
1317 1603 1483 1656 aridis,
1534 1601 1777 1668 lapidosis?
1802 1600 2022 1655 ·(Fiume,

228 1669 363 1725 Noe.)
401 1666 546 1722 April.
581 1665 689 1706 Mai.
755 1663 1038 1706 Sclerochloa
1069 1663 1303 1704 articulata
1334 1662 1460 1702 Link.
1496 1674 1560 1702 en.
1593 1666 1627 1704 1.
1664 1662 1737 1705 90.
1800 1658 2024 1700 Schoedo-

207 1737 361 1771 'norus
395 1726 665 1768 divaricatus
693 1722 742 1765 R.
772 1728 814 1766 et
841 1721 888 1766 S.
923 1726 1037 1781 syst.
1058 1725 1100 1767 2.
1135 1724 1233 1768 753.
1279 1719 1488 1778 Dactylis
1521 1718 1800 1776 memphitica
1831 1716 2023 1775 Spreng.

227 1787 353 1830 Roth.
387 1784 516 1828 catal.
539 1786 581 1827 3.
613 1797 655 1839 p.
679 1784 745 1827 18.
1949 1775 1993 1818 J.

358 1886 456 1920 Sect.
481 1884 542 1917 111.
599 1883 756 1916 VULPIA
790 1880 906 1914 Grnel.
960 1881 1180 1924 Mygalurus
1212 1880 1319 1912 Link.
1377 1879 1577 1912 Panicnlae
1617 1861 1751 1911 ramuli
1785 1878 2025 1910 crassiusculi

228 1928 288 1964 vel
314 1932 423 1963 etiam
449 1938 579 1962 versus
600 1928 738 1969 apicem
765 1927 964 1967 conspicue
989 1926 1183 1957 incrassati
1210 1928 1244 1956 et
1269 1924 1486 1957 subelavati.
1533 1923 1659 1955 Flores
1685 1923 2027 1956 lanceolam-subu-

229 1977 317 2018 lati,
342 1975 451 2016 longe
477 1973 642 2014 asiscati,
667 1972 705 2002 in
730 1970 899 2013 pluribus
926 1969 1130 2001 monandri.
1176 1968 1293 2000 Radix
1318 1977 1450 2010 parva,
1477 1967 1624 2000 fibrosa.

346 2063 388 2107 5,
433 2059 485 2102 F.
519 2069 780 2099 UNIGLUMls
824 2055 1032 2111 (Soland.
1065 2055 1111 2097 in
1144 2055 1231 2097 Ait.
1273 2054 1389 2097 hort.
1431 2054 1548 2102 kew.
1595 2053 1661 2095 ed.
1683 2054 1724 2098 1.
1757 2066 1798 2095 v,
1825 2053 1863 2099 1.
1901 2051 2025 2106 108.)

228 2119 444 2177 panicula
486 2115 686 2159 secunda
714 2120 946 2170 eontracta
990 2113 1274 2167 subspieata,
1329 2113 1469 2154 valva
1510 2112 1755 2165 superiore
1796 2112 2025 2162 aristas-a,

230 2178 459 2234 inferiore
490 2176 684 2218 minima
715 2173 789 2215 vel
816 2173 973 2223 mella,
1007 2171 1215 2225 floribus
1248 2171 1508 2213 lanceolatis
1543 2169 2028 2211 subulam-attenuatis

230 2239 364 2293 longe
396 2235 596 2278 aristatis
629 2233 784 2273 arista
817 2230 1109 2272 brevioribus
1144 2230 1310 2283 glabris
1344 2229 1470 2283 apice
1501 2228 1844 2280 scabriusculis,
1879 2227 2028 2268 radice

229 2297 408 2338 fibros-a.
444 2291 518 2351 Θ.
554 2292 603 2333 ln
637 2291 747 2333 locis
781 2289 1013 2331 sterilibus
1045 2288 1208 2341 siccis,
1244 2287 1343 2342 (bei
1373 2286 1561 2341 Triest.)
1595 2285 1708 2328 Mai.
1765 2286 1817 2328 F.
1850 2286 2029 2341 uniglu-

232 2354 315 2396 mis
351 2350 767 2408 Soyer-Willemet
798 2349 1017 2391 observat.
1050 2361 1126 2392 sur
1159 2346 1372 2402 quelques
1405 2346 1579 2402 plantes
1612 2344 1664 2385 de
1690 2346 1841 2387 france
1867 2358 1907 2400 p.
1931 2345 2026 2386 133.

229 2413 502 2469 Mygalurus
536 2407 781 2464 uniglumis
824 2406 952 2448 Link.
997 2419 1064 2448 en,
1096 2408 1132 2449 1.
1178 2408 1249 2450 92.
1310 2404 1474 2460 Vulpia
1517 2405 1855 2446 membranacea
1895 2402 2026 2444 Link.

231 2472 341 2515 hort.
366 2463 534 2514 1s-147.
595 2466 652 2510 V.
685 2466 932 2522 uniglumis
968 2463 1210 2507 Reichenb.
1246 2462 1290 2506 ss,
1323 2476 1414 2504 exc.
1441 2465 1515 2508 37.

350 2541 420 2588 Cl.
454 2541 693 2583 Willemet.
727 2553 754 2581 a
785 2538 979 2581 Festuca
1010 2535 1232 2593 uniglumi
1277 2540 1457 2592 separat
1492 2534 1725 2577 Festucam
1758 2530 2028 2574 bromoidem

230 2601 364 2644 Linn.
398 2600 606 2657 panicula
639 2599 739 2639 laxa
774 2602 815 2639 et
846 2598 978 2638 valva
1008 2595 1220 2638 inferiore
1252 2595 1412 2637 lineam
1447 2594 1598 2649 longa,
1633 2606 1744 2648 quae
1776 2592 1822 2632 in
1855 2589 1904 2632 F.
1932 2590 2027 2632 uni-

234 2660 373 2718 glumi
407 2660 500 2701 fere
531 2658 684 2708 nullag
729 2655 810 2698 sed
852 2656 962 2697 haec
993 2660 1096 2696 noia
1126 2667 1213 2695 non
1247 2653 1355 2695 satis
1389 2658 1506 2694 certa
1539 2666 1638 2693 esse
1680 2650 1880 2701 videtur,
1926 2662 2027 2690 nam

233 2733 329 2760 mea
361 2716 608 2774 specimina
640 2715 856 2757 Festucae
890 2713 1135 2770 uniglumis
1167 2714 1345 2755 valvam
1379 2724 1498 2754 nunc
1531 2712 1623 2753 fere
1665 2710 1858 2759 nullam,
1907 2720 2028 2749 nunc

233 2776 479 2834 longiorem
513 2779 554 2817 et
585 2775 749 2816 lineam
784 2782 1042 2827 aequantem
1075 2772 1253 2813 habent.
1314 2769 1459 2812 Aliam
1503 2782 1607 2811 vero
1652 2768 1841 2823 plantam
1886 2767 2028 2821 possi-

234 2835 344 2886 deo,
378 2835 497 2877 cirea
527 2832 733 2874 Parisios
765 2831 954 2886 lectam,
1001 2832 1144 2872 culmo
1189 2830 1393 2884 elongato
1437 2833 1478 2870 et
1510 2840 1698 2882 superne
1727 2825 1861 2880 longe
1894 2824 2025 2878 nudo,

234 2907 345 2948 quae
378 2907 404 2935 a
435 2892 484 2933 F.
518 2890 739 2948 uniglumi
772 2889 917 2931 differt
950 2894 995 2930 ut
1025 2888 1076 2930 F.
1110 2887 1355 2930 sciuroides
1386 2899 1412 2928 a
1448 2886 1496 2929 F.
1522 2884 1914 2937 Pseudo-azymo,
1947 2883 2026 2925 sed

235 2952 366 2993 valva
409 2951 597 2993 inferior
640 2949 823 2990 minima
863 2953 960 3002 est,
1002 2960 1144 3002 neque
1186 2946 1345 2987 lineam
1387 2946 1536 3001 longa.
1596 2943 1721 2984 Haec
1764 2947 1829 2983 est
1863 2941 2028 2995 Vulpia

234 3009 482 3051 bromoides
528 3007 766 3054 Reichenb,
812 3006 858 3048 fl.
906 3018 1003 3047 exc.
1036 3008 1144 3056 37.,
1200 3003 1379 3046 secund.
1435 3006 1558 3048 citat.
1602 3001 1759 3042 Merat.
1804 2999 1850 3040 fl.
1904 3013 2027 3055 par.;

235 3069 459 3123 specimen
494 3072 667 3117 autem,
702 3067 746 3107 in
781 3065 858 3111 dit,
893 3065 991 3106 flor.
1025 3069 1162 3105 nostr.
1195 3063 1382 3114 lectum,
1416 3061 1607 3103 nondum
1642 3058 1750 3106 vidi.

351 3155 393 3198 6.
436 3153 488 3199 F.
521 3153 719 3194 MYnnos
756 3151 834 3207 (L.
870 3165 937 3207 sp.
963 3149 1086 3206 109.)
1131 3149 1336 3205 panicula
1367 3148 1559 3190 secunda
1595 3150 1815 3188 contracta
1846 3143 2024 3198 subspi-

237 3215 366 3266 cala,
398 3213 536 3252 valva
569 3211 797 3266 superiore
831 3216 987 3263 acuta,
1032 3208 1258 3262 inferiore
1290 3207 1565 3249 brevissima
1597 3206 1671 3246 vel
1697 3204 1854 3254 nulla,
1887 3201 2025 3256 flori-

240 3270 326 3311 bus
359 3269 618 3313 lauceolatis
651 3268 1145 3313 subulam-attenuatis
1177 3268 1312 3322 longe
1340 3265 1537 3308 aristatis
1558 3264 1713 3307 arista
1736 3261 2025 3304 brevioribus
