2200 3525
185 133 465 171 Mrosons.
819 117 1310 173 BORAGINEAE.
1862 128 1961 175 505

189 279 538 335 subaequante,
574 278 697 320 foliis
728 278 917 320 caulinis
949 280 1442 332 oblongo-lanceolatis
1477 282 1790 335 acutiuscults,
1838 287 1963 327 caule

189 339 429 394 ungulato,
475 337 714 378 rhizomate
746 337 923 389 obliquo
957 346 1145 392 repente.
1179 336 1245 390 ZJ..
1283 340 1328 380 ln
1365 341 1500 393 pratis
1537 348 1577 382 et
1609 341 1784 382 ericetis
1826 342 1963 389 humi·

189 395 288 449 dis,
321 395 374 436 ad
408 396 579 446 fossas,
614 394 752 448 ripas,
789 395 983 448 paludes.
1049 397 1268 439 Mai-Jul.
1332 400 1384 438 D.
1420 399 1460 438 fl.
1485 404 1522 440 2.
1558 414 1596 452 p.
1618 401 1686 442 40.
1751 400 1812 440 Μ.
1845 416 1965 442 scor-

193 453 365 507 pioides
398 452 552 496 Willd.
584 465 648 506 sp.
677 458 712 494 1.
748 455 847 496 746.
921 452 982 496 Μ.
1022 455 1288 507 scorpioides
1334 466 1371 515 β.
1416 459 1625 510 palustris
1673 457 1720 500 L.
1766 472 1831 514 Sp.
1873 463 1966 507 188.

188 511 255 552 Μ.
302 510 573 564 scorpioides
617 510 825 563 palustris
874 511 1004 550 Elirb.
1049 511 1200 552 decad.
1266 514 1324 553 M.
1362 518 1565 567 perennis
1603 515 1802 558 Moeneh.
1848 518 1967 561 bass.

189 581 231 608 n.
256 569 348 610 154.
411 566 474 607 M.
508 567 718 621 palustris
755 568 989 610 Reiclaenb.
1036 583 1102 623 ap.
1142 570 1205 611 St.
1241 571 1399 622 1ι.42.,
1446 575 1583 614 torma
1626 575 1733 628 pilis
1777 577 1966 619 caulinis

187 625 469 681 patentibus3
518 625 579 666 M.
613 640 769 678 repens
804 627 829 666 l.
868 641 908 667 c.
943 628 1171 680 culycibus
1206 631 1335 683 paulo
1374 632 1629 682 profundius
1663 632 1853 682 divisis3
1899 635 1965 682 M.

189 683 431 738 strigulosa
462 683 490 724 l.
526 696 595 734 c.,
631 686 733 739 pilis
767 685 908 726 caulis
944 686 1191 739 adpressis.
1253 687 1404 727 Flores
1440 689 1726 743 pulcherrime
1758 695 1966 746 caerulei,

190 741 334 782 rarius
368 740 511 781 carnei
547 743 615 783 vel
649 743 754 784 albi.
823 744 868 783 ln
903 744 1037 784 fossis
1072 750 1114 785 et
1157 751 1411 800 stagnorum
1462 748 1738 799 marginibus
1784 764 1968 808 magnos

188 799 407 854 caespites
442 798 610 853 efficit,
645 801 803 842 racemi
839 798 879 841 et
914 801 1118 855 pedicelli
1153 803 1375 858 longiores
1409 810 1449 845 et
1480 805 1671 847 laxiores
1703 806 1836 850 fiuntz

305 879 346 930 β.
379 872 635 925 laxiflora:
696 872 759 913 M.
793 873 992 913 laxiflora
1024 873 1259 915 Reichenb.
1296 889 1362 930 ap.
1398 873 1464 917 St.
1499 875 1539 917 h.
1560 878 1629 920 42.

306 962 346 1005 2.
379 959 443 1000 M.
474 972 737 1001 CAESPITOSA
770 958 992 1013 (Schultz.
1027 958 1068 1000 fl.
1101 965 1237 1015 starg,
1272 962 1417 1016 suppl.
1441 962 1530 1017 11.)
1566 962 1751 1006 nucibus
1783 966 1969 1021 glabris,

189 1017 351 1069 calyce
383 1017 664 1071 quinquelido
697 1017 922 1069 adem-csse
948 1017 1128 1069 piloso,
1164 1019 1392 1060 fructifero
1435 1028 1608 1074 aperto,
1643 1022 1767 1075 stylo
1800 1022 1973 1066 brevis&

189 1076 324 1128 simo,
359 1075 481 1123 foliis
515 1074 706 1117 caulinis
738 1075 896 1118 lineari
920 1075 1154 1131 ·oblongis
1188 1077 1373 1128 obtusis,
1408 1079 1532 1119 caule
1560 1080 1629 1130 (in
1662 1082 1764 1121 viva
1796 1084 1970 1137 planta)

191 1135 346 1186 tereti,
389 1134 535 1175 radice
581 1133 872 1172 descendente
917 1133 1110 1186 undique
1149 1134 1325 1174 fibrosa.
1361 1134 1520 1191 Θ.1η
1554 1137 1688 1182 {ossis
1722 1144 1762 1179 et
1796 1142 1967 1194 paludi-

190 1191 289 1244 bus,
325 1190 610 1243 praecedente
642 1191 776 1232 multo
808 1188 961 1234 rarior.
1025 1191 1080 1231 D.
1115 1191 1159 1233 fl.
1179 1195 1218 1234 2.
1254 1207 1292 1247 p.
1314 1195 1382 1235 42.
1447 1193 1510 1236 St.
1546 1195 1583 1235 h.
1605 1198 1674 1239 42.
1739 1197 1799 1237 Μ.
1826 1200 1971 1256 lingu-

188 1249 278 1290 lata
314 1250 359 1290 R.
395 1254 436 1290 et
469 1248 516 1288 S.
550 1254 659 1304 syst.
694 1262 792 1304 veg.
814 1251 853 1291 4.
891 1263 928 1303 p.
952 1251 1064 1300 780„
1099 1250 1144 1289 in
1180 1256 1326 1292 annot.
1371 1251 1432 1291 M.
1462 1253 1687 1310 uliginosa
1722 1253 1973 1298 Schrad—

192 1305 348 1348 Caulis
381 1307 426 1347 in
461 1306 562 1347 viva
595 1308 771 1361 planta,
808 1308 1041 1361 praecipue
1074 1308 1273 1363 inferne,
1309 1310 1525 1362 crassior,
1562 1325 1688 1365 quam
1724 1313 1766 1353 in
1802 1324 1972 1357 antece-

192 1365 339 1419 dente,
375 1372 416 1407 et
443 1366 562 1405 linea
597 1378 622 1406 a
655 1365 854 1421 margine
883 1367 1084 1406 foliorum
1108 1366 1364 1409 decurrente
1395 1369 1607 1424 impressa
1627 1379 1826 1426 notatus,
1862 1387 1972 1427 quae

189 1423 309 1464 linea
337 1419 396 1465 'in
442 1424 504 1463 Μ.
541 1423 725 1478 palustri
769 1424 986 1478 prominet
1031 1430 1072 1465 et
1103 1425 1312 1480 angulum
1357 1434 1559 1482 argutum
1606 1429 1753 1470 eflicit.
1820 1432 1972 1474 Flores

191 1495 364 1537 semper
393 1482 601 1535 minores,
637 1482 815 1522 laciniis
843 1481 1175 1539 angustioribus
1198 1490 1238 1524 et
1258 1485 1512 1540 plerumque
1541 1487 1728 1542 integris
1750 1488 1973 1533 instructi.

319 1596 346 1639 §.
370 1598 405 1631 2.
453 1595 606 1639 Calyces
638 1597 771 1639 pilosi,
805 1596 872 1639 pili
905 1598 1024 1640 patuli
1055 1601 1090 1630 et
1115 1599 1151 1630 in
1184 1599 1261 1631 basi
1293 1601 1539 1642 patentissimi
1564 1605 1674 1646 atque
1707 1603 1745 1637 in
1769 1613 1901 1638 uncum
1924 1614 1977 1639 re-

193 1642 349 1674 curvati.
1624 1653 1627 1656 ’

306 1729 348 1770 3.
396 1725 464 1770 M..
497 1739 743 1770 sYLvATmA
788 1726 971 1778 (Hoffm.
1015 1728 1071 1770 D.
1114 1727 1156 1770 fl,
1200 1729 1267 1775 ed.
1298 1734 1336 1774 2.
1383 1745 1422 1785 p.
1446 1733 1544 1783 85.)
1589 1734 1831 1787 calycibus
1875 1749 1975 1790 pro-

191 1785 328 1828 funde
359 1788 386 1828 5
417 1785 517 1827 fidis
552 1786 914 1842 patulo-pilosis,
945 1786 1056 1839 pilis
1089 1787 1246 1828 baseos
1279 1788 1537 1832 divaricatis
1569 1794 1833 1844 uncinatis,
1868 1795 1974 1836 laci-

192 1845 281 1885 niis
300 1843 467 1900 calycis
486 1844 704 1885 fructiferi
719 1845 1239 1898 erecto-conniventibus,
1271 1847 1500 1900 pcdicellis
1520 1849 1760 1892 fructiferis
1781 1853 1975 1907 calycem

192 1904 484 1956 aequantibus
530 1902 918 1957 longioribusque,
974 1903 1176 1951 cor-ollae
1217 1904 1356 1946 limbo
1396 1907 1555 1958 plano..
1603 1907 1679 1964 Θ.
1733 1909 1808 1963 (ln
1852 1911 1974 1953 horto

191 1974 364 2016 semper
398 1960 614 2015 biennis.)
660 1960 712 2000 111
746 1961 888 2014 sylvis
922 1961 1174 2016 montanis,
1221 1963 1344 2018 alpes
1388 1964 1616 2009 adscendit
1648 1967 1900 2024 ibidemque
1931 1970 1978 2011 in

192 2032 281 2059 var.
316 2027 358 2076 β.
404 2018 508 2059 abit.
581 2017 811 2059 Mai-sul.
877 2020 930 2060 D.
976 2020 1076 2075 fl.2.
1120 2035 1161 2075 p.
1181 2018 1251 2063 43.
1315 2019 1377 2063 St.
1415 2023 1453 2065 h.
1474 2026 1544 2066 42.
1607 2025 1666 2066 M.
1702 2028 1903 2069 arvensis
1936 2037 1977 2086 β.

192 2077 413 2129 sylvatica
432 2074 554 2116 Pers.
577 2089 677 2128 syn.
700 2081 732 2118 1.
760 2077 852 2120 156.
916 2077 979 2124 Μ.
1007 2079 1280 2133 scorpioides
1314 2081 1537 2135 sylvatica
1571 2083 1701 2129 Ebrh.
1736 2084 1976 2133 decad.31.

192 2135 255 2176 M.
289 2135 552 2183 decumbens
584 2133 713 2175 Host.
747 2134 789 2175 fl.
835 2141 1031 2182 austr.1.
1079 2139 1265 2195 p.128.,
1312 2138 1462 2193 (nulla
1507 2149 1610 2183 nota
1651 2142 1869 2184 diversam
1914 2145 1980 2186 in,

190 2193 363 2249 venio.)
426 2192 577 2234 Flores
624 2192 822 2249 odorati,
869 2194 1092 2242 intensius
1125 2196 1348 2248 caerulei,
1401 2212 1529 2256 quam
1572 2201 1620 2246 in
1663 2200 1727 2243 M.
1771 2202 1978 2257 palustri.

190 2249 372 2293 Variat:

310 2332 348 2382 β.
382 2323 633 2377 alpestre'sf,
666 2323 889 2378 humilior,
924 2325 1109 2371 racemis
1141 2326 1438 2380 brevioribus,
1474 2329 1655 2372 densius
1687 2330 1980 2378 incumbenti·

192 2380 382 2436 pilosis,
431 2382 664 2436 pedicellis
699 2384 1023 2436 crassioribus,
1070 2385 1298 2441 calycibus
1341 2388 1611 2440 maioribus:
1674 2388 1737 2430 M.
1771 2390 1979 2444 alpestris

196 2439 348 2481 Schm.
394 2439 492 2480 boh.
543 2453 582 2495 p.
602 2442 671 2483 26.
734 2441 789 2481 D.
838 2441 947 2487 fl.2.
993 2456 1036 2497 p.
1056 2444 1126 2485 45.
1190 2442 1256 2497 St.
1299 2443 1428 2488 h.42.
1501 2446 1561 2486 M.
1595 2448 1855 2489 suaveolens
1887 2447 1980 2497 Rit.

197 2511 266 2554 ap.
303 2498 355 2540 R.
392 2503 433 2538 et
466 2495 511 2537 S.
556 2503 667 2551 syst.
711 2512 811 2554 veg.
854 2513 893 2552 p.
922 2502 1014 2543 102.
1079 2498 1146 2541 St.
1190 2500 1233 2541 h.
1263 2503 1332 2547 42.
1395 2502 1456 2547 Μ.
1492 2504 1669 2546 odorata
1714 2504 1832 2548 Poir.
1876 2506 1980 2549 dict.

194 2570 323 2611 supp.
342 2556 385 2598 4.
425 2556 460 2598 1.
496 2569 538 2610 p.
557 2556 623 2597 44.
688 2555 750 2596 M.
785 2558 981 2610 rupicola
1015 2559 1134 2614 engl.
1161 2559 1247 2599 bot.
1274 2564 1305 2600 t.
1326 2563 1455 2607 2559.
1505 2561 1664 2604 Forma
1686 2564 1818 2605 altior
1849 2564 1979 2608 huius

195 2615 428 2656 varietatis
462 2623 551 2654 est:
614 2612 676 2654 M.
711 2622 914 2655 montana
948 2615 1010 2656 M.
1044 2615 1264 2662 Bieberst.
1309 2623 1419 2659 taur.
1466 2631 1585 2660 canc.
1605 2623 1646 2663 3.
1691 2635 1731 2675 p.
1758 2623 1850 2665 116.
1913 2623 1978 2671 M.

195 2671 588 2727 lithospermifolia
622 2671 828 2714 Hornem.
864 2673 984 2714 hafn.
1021 2676 1115 2717 173.
1171 2672 1235 2715 St.
1270 2673 1308 2713 h.
1332 2674 1402 2718 42.
1459 2676 1804 2720 Pulcherrimam
1838 2683 1980 2723 varia-

195 2731 359 2772 tionem
393 2730 572 2771 floribus
605 2729 760 2781 flavis,
810 2729 908 2770 dein
954 2732 1097 2777 rubris
1144 2737 1185 2772 et
1217 2731 1407 2788 denique
1453 2736 1701 2788 caeruleis,
1747 2738 1794 2779 in
1838 2739 1976 2795 alpib.

198 2787 319 2845 Styr.
352 2789 537 2840 lectam,
572 2789 690 2830 misit
722 2789 779 2832 D.
812 2788 1015 2844 Angelis.

313 2877 358 2920 y.
391 2861 560 2902 lactea.
608 2860 860 2915 Biinningh.
897 2861 1016 2915 prod.
1050 2861 1092 2902 fl.
1126 2867 1309 2903 monast.
1333 2864 1420 2914 56„
1454 2869 1623 2909 statura
1655 2871 1696 2909 et
1727 2867 1982 2915 indumento

196 2918 428 2961 varietatis
461 2926 504 2975 β,
537 2918 616 2960 sed
642 2919 821 2961 floribus
857 2920 1029 2975 magnis
1064 2920 1218 2962 lacteis
1250 2922 1473 2968 notabilis.
1537 2923 1570 2964 E
1603 2925 1850 2969 seminibus
1875 2941 1978 2974 con-

197 2982 364 3018 stanter
395 2978 532 3030 redit,
583 2977 660 3018 sed
693 2978 863 3018 semina
896 2979 939 3019 in
975 2979 1107 3021 cultis
1152 2979 1474 3034 speciminibus
1517 2995 1603 3029 non
1650 2985 1814 3026 maiora
1858 2994 1978 3039 sunt,

198 3048 332 3133 quanli
360 3035 501 3133 indM,
529 3035 776 3091 sylvaticae
809 3050 897 3077 var.
926 3055 987 3090 α.,
1022 3050 1135 3092 quae
1166 3038 1220 3079 cl.
1253 3046 1404 3081 auctor
1435 3038 1569 3096 duplo
1599 3042 1768 3094 maiora
1799 3043 1845 3086 in
1878 3045 1980 3088 loco

197 3099 300 3133 nata
321 3105 335 3133 1
367 3106 410 3132 vi
447 3093 496 3134 it.

311 3177 353 3220 4.
405 3176 466 3219 M.
502 3191 796 3220 INTERMEDIA
839 3179 992 3224 (Link.
1025 3194 1093 3224 en.
1123 3179 1162 3224 4.
1197 3181 1331 3224 berol.
1359 3184 1393 3225 1.
1432 3182 1553 3236 164.)
1598 3186 1842 3240 calycibus
1883 3201 1983 3243 pro,-

198 3234 335 3278 funde
367 3236 664 3292 quinquefidis
696 3239 975 3293 fructiferis
1022 3239 1195 3286 clausis
1237 3241 1416 3297 pauilo-
1429 3242 1588 3297 pilosis
1602 3274 1618 3297 ,
1663 3245 1776 3299 pilio
1818 3245 1983 3291 divari-
