2200 3525
147 158 327 212 unx,
793 143 1247 200 SALICINEAE.
1817 149 1918 199 ⁶55

148 317 245 346 cum
286 302 469 346 ramulis
511 302 764 346 iunioribus
811 305 1026 348 interdum
1061 308 1232 363 pilosa,
1288 306 1437 350 adulta
1477 318 1583 350 vero
1625 319 1723 350 cum
1763 305 1922 349 iisdem

147 376 319 417 semper
348 363 621 417 glaberrima.
684 363 903 404 Foliorum
935 366 1070 406 forma
1105 368 1233 407 valde
1265 366 1524 408 variabilis:
1559 373 1791 408 occurrunt
1822 366 1920 408 scil.

146 421 605 471 subnotanda-ovata,
639 420 732 461 basi
764 422 1025 464 subeon-dara
1049 424 1172 479 apice
1204 425 1503 476 obtusissima,
1537 430 1679 476 ovata,
1713 425 1920 482 oblonga,

147 479 421 529 acuminata,
470 485 511 518 et
543 478 789 520 lanceolata
822 482 1025 535 utrinque
1059 492 1199 524 acuta.
1260 482 1382 524 Haec
1415 484 1565 524 ultima
1599 483 1738 524 forma
1771 482 1817 524 S.
1852 497 1919 524 re-

145 535 266 590 penti
299 535 406 576 satis
441 536 708 589 propinqua,
745 538 842 578 dum
877 540 989 580 aliae
1022 541 1359 581 diversissimae
1391 547 1650 588 occurrunt3
1689 541 1766 583 scd
1799 541 1922 582 feliis

145 593 650 634 subcaesio-viridibus
696 597 846 650 opacis
891 599 1172 651 glabeuimis
1215 601 1363 640 statim
1411 599 1705 656 dignoscitur.
1767 599 1923 642 Vax-iat

148 650 220 707 (iu
253 648 511 707 Lapponia)
550 654 747 708 capsulis
780 655 954 710 pilosis.
1835 657 1892 699 G-

260 754 334 797 33,
385 750 431 792 S.
466 765 673 794 AMBIGUA
725 755 949 809 (Elii-hart.
995 757 1117 798 beitr.
1138 759 1180 801 6.
1225 771 1266 813 p.
1291 757 1412 813 103.)
1458 758 1644 799 amentis
1684 758 1920 801 sessilibus

145 809 391 852 fructiferis
423 811 614 851 breviter
646 814 978 866 pcdunculasss,
1030 816 1276 869 pedum-,ulo
1310 817 1473 857 minute
1508 818 1685 869 foliato,
1722 818 1919 871 capsulis

146 883 199 910 ex
244 876 374 910 ovata
420 870 514 909 basi
563 871 824 912 lanceolatis
869 876 1124 914 tomentosis
1170 876 1301 930 longe.
1343 875 1646 927 pedicellatis,
1695 876 1920 929 pedicello

143 928 408 969 nectarium
441 936 514 968 ter
545 938 771 983 (jacuero-e
802 941 1086 982 superante,
1121 934 1237 984 stylo
1272 933 1420 984 brevi,
1466 934 1744 988 stigmatibus
1778 935 1920 976 ovatis

146 987 465 1037 emarginatis,
502 987 641 1038 soliis
686 988 896 1040 ellipticis
939 991 1139 1029 obovatis
1172 992 1486 1032 lanceolatisve
1530 993 1921 1046 recurvato-api.

147 1044 318 1085 culatis
352 1044 668 1098 imeyerrimis
701 1046 769 1084 vel
804 1053 964 1086 remote
1008 1047 1312 1098 denticulatis,
1359 1049 1527 1090 subtus
1571 1064 1923 1101 russoso-veno-

142 1103 210 1143 sis
243 1102 451 1156 adpresse
484 1102 652 1142 villosis
685 1104 951 1144 subsei‘iccis
973 1111 1188 1158 postremo
1215 1107 1448 1159 glutinatis,
1482 1108 1670 1159 scipulis
1696 1110 1920 1150 semiova-

145 1160 208 1200 tis
241 1160 387 1201 rectis.
420 1157 478 1215 Τ).
514 1159 563 1199 ln
600 1161 735 1213 pratis
757 1161 1014 1218 spongiosis
1041 1163 1289 1216 paludosis,
1325 1166 1501 1215 pascuis
1528 1166 1735 1208 humidis.
1782 1168 1920 1221 April.

143 1217 249 1259 Mai.
325 1215 372 1257 S.
407 1217 615 1271 ambigua
648 1218 780 1258 Ehrb.
816 1219 842 1260 l.
879 1234 920 1260 c.
964 1226 1007 1261 et
1050 1221 1140 1261 arb.
1186 1235 1225 1261 n.
1254 1224 1375 1270 1093
1426 1223 1694 1276 (specimina
1727 1223 1919 1267 Ebrhar-

145 1277 270 1317 tiana
315 1276 565 1316 authentica
609 1290 703 1317 cum
749 1278 938 1319 suecicis
982 1280 1275 1335 comparavi.)
1349 1278 1397 1320 S.
1431 1283 1595 1337 plicata
1636 1282 1775 1324 Fries.
1819 1297 1920 1331 nott,

143 1334 211 1376 ed.
236 1338 274 1377 2.
310 1347 349 1387 p.
373 1334 471 1379 284.
535 1333 584 1374 S.
621 1335 859 1377 incubacea
893 1336 943 1377 L.
978 1351 1043 1391 sp.
1070 1338 1195 1382 1427.
1217 1368 1228 1388 ‚
1261 1344 1302 1379 et
1335 1338 1400 1379 Fi.
1435 1351 1554 1380 suec.
1591 1340 1655 1381 ed.
1683 1345 1722 1384 2.
1757 1355 1796 1396 p.
1819 1344 1919 1385 351.

144 1393 331 1434 secund.
366 1392 507 1433 Fries.
554 1399 683 1434 mant.
710 1395 743 1436 1.
789 1408 828 1448 p.
849 1396 949 1446 66„
997 1396 1073 1436 scd
1119 1396 1355 1450 descriptio
1386 1397 1644 1440 Linnaeana
1690 1413 1775 1440 non
1823 1413 1922 1441 con-

144 1451 289 1507 gruit,
335 1448 387 1491 et'
409 1452 447 1491 b.
483 1449 642 1492 Smith.
677 1454 757 1492 sub
790 1455 964 1494 nomine
997 1452 1042 1494 S.
1077 1454 1344 1496 incubaccae
1376 1457 1421 1496 in
1455 1458 1572 1512 engl.
1606 1456 1706 1500 fl.4.
1742 1472 1780 1513 p.
1803 1461 1919 1510 212„

142 1509 380 1550 secundum
413 1509 654 1564 specimina
690 1510 879 1551 herbarii
914 1510 1157 1553 Linnaeani
1193 1511 1239 1558 S.
1274 1514 1553 1554 incubaceam
1586 1522 1734 1556 auctor
1769 1517 1919 1558 Ger-m.

148 1567 219 1622 (S.
256 1568 592 1621 angustifoliam
628 1567 790 1624 Wolf.)
836 1570 1058 1611 describit.
1148 1569 1194 1611 S.
1238 1572 1467 1612 vcrsifolia
1519 1572 1615 1615 Ser.
1671 1575 1754 1615 sal.
1805 1575 1921 1616 helv.

143 1640 187 1680 p,
217 1626 288 1669 40.
323 1639 407 1666 non
444 1625 759 1683 Walilenberg.
823 1625 868 1668 S.
900 1630 1111 1684 ambigua
1144 1629 1295 1670 Willd.
1330 1644 1397 1685 sp.
1417 1631 1456 1673 4.
1489 1644 1532 1685 p.
1560 1633 1675 1684 700„
1709 1633 1830 1674 foliis
1863 1634 1923 1674 el·

143 1684 328 1739 lipticiS.
400 1682 445 1728 S.
483 1686 734 1740 spathulata
779 1684 930 1727 Willd.
963 1687 994 1732 l.
1030 1702 1093 1739 c.‚
1149 1688 1272 1729 foliis
1317 1690 1540 1730 obovatis:
1615 1689 1660 1730 S.
1706 1698 1923 1745 prostrata

145 1741 238 1783 Sm.
275 1742 374 1784 brit.
404 1745 446 1785 3.
483 1745 693 1797 p.1ooo.,
727 1744 848 1786 foliis
881 1744 1154 1786 lanceolutis.
1219 1745 1299 1788 Est
1333 1749 1459 1800 quasi
1492 1747 1630 1788 forma
1662 1748 1923 1790 intermedia

147 1801 262 1842 inter
294 1801 339 1842 S.
371 1800 554 1841 auritam
589 1807 630 1842 et
662 1808 907 1857 repentem3
945 1805 997 1843 ab
1031 1805 1108 1844 illa
1141 1804 1285 1846 diffext
1318 1806 1438 1846 foliis
1471 1807 1616 1846 minus
1648 1807 1824 1856 rugosis
1857 1808 1924 1848 in·

142 1859 391 1914 tegcrrimis
426 1861 493 1900 vel
528 1861 692 1901 minute
725 1861 1007 1902 denticulatis
1041 1863 1197 1903 subtus
1240 1864 1537 1914 subsericeis,
1580 1862 1759 1918 stipulis
1793 1867 1923 1906 semi-

145 1917 290 1959 ovutis
323 1918 446 1971 apice
480 1924 624 1972 recto,
667 1925 708 1960 et
740 1924 907 1959 statura
940 1920 1074 1961 multo
1108 1921 1298 1971 minore3
1343 1935 1368 1962 a
1401 1921 1640 1976 posteriore
1670 1923 1793 1966 foliis
1823 1926 1923 1966 sub-

142 1980 212 2017 tus
245 1978 634 2032 rugoso-venosis
670 1982 710 2018 et
741 1978 918 2032 stipulis
951 1978 1197 2021 latioribus.
1262 1979 1442 2021 variat:

259 2055 303 2107 β.
337 2049 588 2103 qlabrata,
623 2049 744 2090 foliis
778 2051 933 2092 subtus
965 2051 1070 2105 pilis
1104 2051 1373 2103 rarioribus,
1415 2057 1457 2093 et
1488 2052 1675 2108 denique
1707 2053 1799 2095 fere
1830 2055 1923 2110 gla-

142 2105 268 2161 bris,
311 2108 507 2161 capsulis
535 2108 840 2163 gluberrimis:
903 2107 948 2150 S.
982 2109 1294 2151 Finmarcliica
1324 2111 1476 2152 Willd.
1510 2125 1581 2152 en.
1617 2113 1759 2167 suppl.
1795 2126 1833 2168 p.
1853 2115 1921 2156 66.

141 2164 260 2208 Berl.
295 2166 466 2206 baumZ.
501 2180 541 2220 p.
557 2167 639 2210 441
663 2197 674 2219 ,
710 2166 949 2208 secundum
982 2169 1228 2223 specimina
1261 2170 1365 2210 viva
1395 2183 1449 2210 ex
1479 2169 1601 2211 horto
1637 2171 1922 2224 berolinensi,

143 2224 257 2278 (non
292 2223 431 2265 Fries.
466 2238 563 2265 nov.
599 2224 726 2269 ed.2.
763 2232 897 2266 mant.
923 2231 957 2268 1.
991 2241 1030 2282 p.
1059 2229 1156 2278 68.,
1203 2241 1331 2282 quam
1377 2235 1526 2269 auctor
1571 2229 1709 2270 celeb.
1752 2243 1922 2271 mecum

141 2282 484 2324 communicavit
527 2289 567 2324 et
600 2297 727 2337 quam
761 2297 879 2325 nunc
913 2283 962 2325 S.
997 2291 1287 2341 campestrem
1321 2291 1462 2330 vocat.
1519 2285 1642 2327 Haec
1673 2284 1720 2327 S.
1755 2289 1923 2340 myrtil-

141 2339 254 2381 loidi
303 2341 436 2381 multo
478 2342 655 2395 propior
697 2349 786 2395 est,
832 2355 959 2397 quam
1004 2341 1052 2384 S.
1088 2345 1259 2386 auritae
1302 2351 1344 2387 et
1387 2343 1597 2401 repenti.)
1674 2343 1724 2390 S.
1765 2354 1923 2388 onusta

147 2395 274 2439 Bess.
311 2411 378 2438 en.
410 2399 467 2453 pl.
502 2401 616 2440 volb.
651 2414 690 2455 p.
717 2402 812 2452 78.,
847 2402 957 2443 excl.
993 2415 1081 2443 var.
1104 2419 1150 2460 y,

260 2468 386 2510 Salix
417 2470 649 2511 versifolia
682 2471 1005 2529 Wahlenberg,
1040 2487 1151 2528 quae
1182 2473 1364 2516 secund.
1391 2473 1533 2516 Fries.
1570 2473 1760 2528 genuina
1793 2473 1922 2517 Salix

142 2527 270 2570 fusca
303 2528 491 2570 Liunaei
524 2534 618 2582 est,
653 2529 924 2584 Lapponiam
959 2532 1192 2573 inhabitat.
1258 2532 1308 2573 S.
1343 2533 1600 2589 myrtilloidi
1635 2533 1812 2588 propius
1846 2547 1918 2575 ac·

144 2586 310 2652 cefm’.
346 2593 388 2628 at
434 2586 550 2644 stylo
604 2588 809 2645 elongato
863 2589 1003 2644 primo
1047 2591 1207 2633 intuitu
1262 2605 1288 2633 a
1334 2589 1381 2633 S.
1425 2592 1636 2647 ambigua
1677 2590 1810 2633 Elub.
1856 2593 1921 2634 di-

142 2651 399 2702 sungunun

259 2745 330 2789 34.
365 2743 601 2787 smapmvs
638 2745 713 2801 (L.
740 2761 805 2800 sp.
833 2747 984 2802 1447.)
1019 2749 1204 2791 amentis
1237 2749 1472 2792 sessilibus
1506 2749 1751 2792 fructiferis
1784 2751 1921 2792 ovali-

146 2804 414 2858 cylindricis
466 2806 655 2846 breviter
699 2806 1030 2860 pedunculatis‚
1093 2808 1339 2862 pedunculo
1392 2809 1573 2862 foliato,
1630 2809 1828 2863 capsulis
1871 2823 1923 2850 ex

144 2869 274 2904 ovata
306 2863 402 2903 basi
435 2864 697 2904 lanceolutis
729 2866 983 2905 tomentosis
1021 2867 1245 2918 glabiisve
1277 2868 1408 2922 longe
1443 2867 1749 2922 pedicellatis‚
1791 2868 1921 2920 pecli-

147 2921 259 2962 cello
290 2923 552 2963 nectarium
587 2922 655 2963 his
689 2931 816 2963 terve
859 2934 1137 2977 superante,
1189 2927 1305 2980 stylo
1351 2926 1585 2976 mediocri,
1637 2925 1920 2981 stigmatibus

145 2979 292 3020 ovatis
326 2979 504 3031 bifidis,
534 2981 671 3035 soliis
703 2981 903 3022 ovalibos
937 2983 1147 3036 ellipticis
1182 2984 1495 3025 lanceolatisve
1527 2984 1922 3038 recurvato-api-

148 3036 320 3078 culatis·
352 3040 550 3091 margine
582 3038 848 3080 subdeflexis
883 3040 1181 3096 integcirimis
1214 3042 1282 3082 vel
1315 3049 1476 3082 remote
1507 3042 1920 3098 glanduloso-don·

146 3094 341 3136 ticulatis
374 3097 538 3138 nitidis
568 3098 736 3139 subtus
777 3097 994 3150 sericeis,
1039 3100 1226 3152 stipulis
1267 3100 1544 3141 lanceolatis
1585 3100 1744 3141 acutis.
1776 3097 1836 3159 'b
1872 3099 1921 3141 ln

145 3153 284 3207 pratis
328 3154 590 3209 vilioribus,
645 3158 825 3211 pascuis
869 3156 1059 3198 humidis
1100 3164 1141 3198 et
1183 3159 1412 3212 arenosis,
1466 3160 1595 3199 etiam
1639 3158 1800 3213 siccis,
1854 3157 1923 3200 iu-

149 3224 233 3264 que
286 3212 511 3265 paludosis
563 3215 832 3269 spongiosis.
908 3214 1051 3269 April.
1129 3215 1174 3256 S.
1219 3229 1375 3272 repens
1425 3216 1566 3258 Koch.
1609 3222 1835 3258 comment.
1879 3217 1920 3257 d.

147 3268 320 3311 salicib.
384 3283 530 3328 europ.
588 3286 629 3330 p.
659 3272 728 3319 47.
823 3270 871 3314 S.
918 3286 1074 3330 repens
1122 3274 1273 3318 Willd.
1328 3287 1397 3331 sp.
1430 3278 1472 3320 4.
1526 3287 1569 3331 p.
1599 3276 1739 3330 693.,
1800 3275 1922 3318 foliis
