2200 3525
234 143 334 191 642
898 124 1284 179 SALlClNEA
1295 124 1353 179 E.
1836 145 2019 183 SAmx,

368 296 462 327 Seet·
488 293 515 325 Ι.
562 291 774 323 Pmoun.
820 287 1002 331 squama·
1026 290 1162 321 amenti
1193 289 1422 331 concolores,
1457 288 1746 333 luteo-virides,
1776 292 1860 323 ante
1884 289 2028 329 finctu-

236 343 480 374 maturitatem
506 335 672 368 caducae.
1917 335 1924 340 .

368 409 519 441 Amcnta
544 406 734 442 lateralia,
766 402 960 436 fructifera
993 405 1262 447 pedunculata.,
1299 415 1365 437 eeu
1401 406 1525 447 potius
1559 405 1596 436 ln
1629 403 1771 437 ramulo
1797 405 1941 438 laterali
1965 416 2028 438 no-

234 455 352 486 vello.
387 451 487 483 foliis
519 450 591 481 3-5
629 449 789 480 evolutis
823 451 1021 489 instruct0‚
1060 450 1288 489 torminalia,
1329 449 1574 480 nubserotina.
1630 448 1837 481 Nectar-ium
1879 448 2027 491 duplex,

237 500 394 529 anticum
431 500 464 524 ct
497 495 691 533 posticum.
747 491 929 533 Capmtae
963 493 1186 523 subsessiles
1221 493 1274 524 vel
1313 493 1556 533 pcdicillatae.
1611 489 1776 524 Stamina
1798 494 1915 534 ‘2-10,
1949 494 2028 525 basi

240 540 432 582 paululum
467 537 720 576 cohaerentia,
765 536 971 576 ibidemque
1003 536 1158 568 hirsuta.
1212 536 1355 567 Autenti
1396 545 1570 576 squamae
1610 537 1718 566 citius
1761 537 1948 577 seriusve,
1991 540 2029 568 at

238 592 381 622 semper
405 583 488 611 ante
514 580 657 611 fructus
684 582 953 620 maturitatem,
981 579 1151 610 caducae.
1197 577 1301 609 Folia
1326 579 1531 610 lanceolata
1554 579 1611 609 vel
1636 579 1818 620 elliptica,
1847 580 2030 621 exquisite

235 626 463 662 acuminata,
504 625 738 663 acutissima,
780 627 940 662 serrata,
984 623 1120 662 nitida,
1161 622 1401 663 glaberriuna,
1443 623 1500 653 vel
1536 622 1621 663 pilis
1655 623 1843 663 adpressis
1877 624 2030 655 sericea.

237 669 337 701 Rami
364 668 407 698 ad
443 668 704 706 insertionem,
737 669 936 709 praecipue
959 665 1111 697 florendi
1145 668 1330 707 tempore,
1364 665 1607 707 fragilissimi.
1652 666 1813 699 Arbores
1841 675 2029 708 procerae,

239 720 442 754 speciosae.

358 815 394 856 1.
436 810 483 854 S.
517 821 797 857 Rem-Annua
833 809 909 866 (L.
944 809 1191 865 sp.1442.)
1225 812 1366 850 5-10
1400 809 1585 861 andra,
1631 809 1822 850 amentis
1867 809 2031 864 pedun-

237 873 425 925 culatis,
460 872 707 927 pedunculo
740 870 912 921 foliato,
945 869 1157 926 squamis
1191 868 1514 910 concoloribus
1548 868 1741 909 caducis
1757 869 1842 920 *),
1876 881 2032 922 capsu-

237 933 295 973 lis
329 945 381 972 ex
413 936 545 971 ovata
578 929 675 971 basi
721 928 959 969 attenuatis
1003 927 1178 980 glabris
1227 928 1417 968 breviter
1460 926 1768 981 pedicellafis,
1813 926 2031 981 pedicello

237 989 482 1031 nectarium
516 989 585 1028 bis
630 993 894 1043 superante,
940 988 1058 1042 stylo
1103 985 1341 1037 mediocri,
1387 985 1670 1039 stigmatibus
1717 984 2030 1025 crassiusculis

237 1048 388 1089 bifidis
405 1078 427 1101 ,⁷
463 1045 538 1088 fol.
575 1044 957 1101 ovato-ellipticis
991 1046 1062 1086 vel
1107 1046 1538 1085 ovato-lanceolatis
1585 1043 1852 1083 acuminatis
1897 1043 2032 1096 dense

237 1107 470 1148 serrulatis
506 1105 818 1160 glaberrimis,
869 1104 1057 1158 stipulis
1099 1101 1499 1156 ovato-oblongyis
1531 1102 1837 1157 aequilateris
1869 1101 2031 1150 rectis,

238 1165 402 1220 petiolo
436 1178 625 1219 superne
660 1163 1116 1217 multi-glanduloso.
1148 1159 1207 1220 ἦ.
1242 1162 1291 1202 ln
1328 1161 1607 1202 convallibus
1654 1160 1932 1214 subalpinis,
1977 1158 2033 1200 ad

238 1230 482 1274 torrentes,
518 1236 613 1262 cum
648 1221 797 1262 fluviis
830 1221 884 1261 ad
917 1220 1050 1275 pedes
1085 1221 1248 1274 alpium
1284 1219 1586 1270 descendens3
1630 1217 1763 1272 inque
1798 1218 2031 1272 paludosis

241 1281 484 1323 dumetosis
519 1279 788 1320 Germaniae
833 1278 1223 1332 septentrionalis,
1274 1278 1336 1332 (d.
1373 1277 1412 1317 d.
1447 1292 1489 1332 g.
1524 1278 1734 1330 Alp'enk.;
1779 1276 1824 1317 in
1859 1276 2032 1329 Bolum,

240 1340 381 1381 Mahr.
427 1353 466 1380 u.
501 1337 705 1387 Schles.3
750 1339 808 1378 im
854 1337 996 1378 nordl.
1030 1338 1084 1378 D.
1130 1348 1173 1376 v.
1206 1337 1354 1376 Har-ze
1398 1334 1494 1389 an.)
1545 1334 1658 1374 Mai.
1692 1334 1795 1375 Jun.
1872 1333 1922 1379 S.
1957 1348 2035 1388 po..

241 1398 430 1455 lyandra
474 1397 688 1438 Schrank.
736 1395 873 1436 baier.
919 1395 962 1436 fl.
994 1398 1030 1438 1.
1074 1407 1114 1451 p.
1138 1397 1236 1438 228.
1311 1392 1356 1434 S.
1390 1393 1596 1434 tinctoria
1628 1392 1790 1437 Smith.
1823 1390 1870 1433 in
1904 1392 2031 1435 Rees.

242 1457 354 1513 cycl.
388 1469 429 1496 n.
459 1457 554 1508 13.,
589 1455 768 1501 secund,
804 1455 921 1511 engi.
956 1451 998 1494 fl.
1018 1452 1058 1498 4.
1092 1457 1186 1498 172.
1248 1451 1427 1494 variat:

288 1536 298 1555 ²
363 1543 407 1570 α.
441 1529 564 1570 foliis
598 1526 1059 1578 ovato-lanceolatis,
1105 1525 1368 1567 staminibus
1402 1523 1576 1565 circiter
1608 1522 1784 1578 quinis:
1848 1520 1896 1564 S.
1929 1535 2033 1578 pen-

245 1588 403 1630 tandra
434 1607 476 1632 α.
511 1587 646 1628 Linn.
692 1586 732 1627 fl.
780 1599 903 1627 suec.
947 1585 1013 1626 ed.
1037 1589 1077 1628 2.
1111 1598 1151 1640 p.
1174 1585 1275 1627 346.
1345 1583 1542 1624 Hartm.!
1578 1582 1731 1625 scand.
1776 1580 1842 1623 ed.
1860 1586 1901 1627 2.
1934 1584 2034 1627 207.

243 1648 371 1689 Haec
401 1659 487 1688 sec.
523 1646 576 1688 cl.
609 1645 778 1686 Hartm.
812 1645 905 1686 fere
937 1657 1107 1700 semper
1139 1643 1351 1684 fruticosa
1386 1647 1464 1683 est.
2001 1636 2005 1641 ⁸

365 1727 407 1777 β.
442 1719 677 1779 latifolia,
723 1718 847 1759 foliis
890 1715 1303 1770 ovato-ellipticis‚
1347 1715 1612 1756 staminibus
1646 1715 1803 1766 5-103
1846 1711 1894 1754 S.
1927 1726 2034 1768 pen-

245 1777 406 1820 tandra
450 1777 641 1818 latifolia
685 1775 926 1818 Hartman!
976 1777 1002 1817 l.
1038 1788 1076 1816 c.
1152 1775 1199 1817 S.
1235 1774 1478 1830 pentandra
1524 1781 1562 1830 β.
1608 1772 1659 1814 L.
1700 1772 1742 1812 fl.
1776 1784 1898 1815 suco.
1934 1772 1962 1812 l.
1996 1784 2035 1814 c.

248 1836 297 1878 S.
329 1835 573 1892 polyandra
603 1835 742 1890 Bray.
785 1836 830 1876 in
879 1834 1112 1875 denkschr.
1159 1834 1202 1878 d.
1248 1834 1454 1888 regensb.
1501 1833 1586 1872 bot.
1635 1845 1728 1886 ges.
1759 1835 1793 1873 1.
1828 1834 1868 1875 2.
1903 1830 2035 1885 p.41.

246 1902 279 1937 t.
310 1899 347 1937 1.
378 1917 437 1924 --
497 1893 689 1935 Salicem
723 1892 1009 1948 pentandram
1045 1900 1087 1951 β.
1122 1888 1178 1937 L.
1213 1904 1329 1933 suec.
1365 1892 1416 1932 cl.
1452 1890 1592 1931 Fries.
1627 1890 1671 1930 in
1704 1902 1803 1930 nov,
1841 1894 1973 1929 mant.
1994 1892 2033 1933 1.

245 1954 390 2008 p.41.,
426 1966 521 1994 cum
556 1951 703 1992 Salice
735 1952 966 2005 cuspidata
1000 1948 1199 2002 Schultz.
1235 1951 1480 2003 combinat3
1527 1948 1602 1989 sed
1638 1948 1884 2003 specimen,
1920 1945 2036 2002 quod

246 2011 301 2054 cl.
334 2011 567 2052 Hartman.
602 2010 709 2051 mihi
743 2010 891 2061 dedit,
927 2009 1172 2051 certissime
1205 2008 1259 2049 ad
1293 2006 1339 2048 S.
1374 2007 1662 2062 pentandram
1696 2008 1899 2062 pertinet.

365 2082 567 2125 Occurrit
598 2086 695 2124 raro
728 2083 917 2124 amentis
950 2081 1256 2136 androgynis‚
1304 2080 1568 2121 staminibus
1614 2093 1690 2134 pro
1735 2084 1857 2133 parte
1888 2077 1934 2118 in
1967 2075 2034 2131 pi-

247 2140 372 2183 stilla
411 2147 658 2182 monstrosa
690 2141 901 2194 mutatis,
949 2154 1060 2194 quae
1102 2138 1281 2181 secund.
1317 2137 1629 2194 Wahlenberg.
1663 2137 1710 2178 in
1742 2136 1784 2179 fl.
1818 2149 1916 2191 ups.
1950 2134 2034 2177 Sa-

247 2200 378 2243 licem
413 2199 811 2255 hermaphroditam
842 2199 892 2240 L.
927 2212 996 2254 sp.
1019 2197 1142 2241 1442.
1177 2195 1327 2239 efficit.

362 2303 404 2345 2.
450 2300 501 2346 S.
535 2312 783 2342 cnsmnATA
826 2297 1048 2355 (Schultz.
1081 2297 1123 2339 fl.
1157 2301 1296 2354 starg.
1331 2295 1472 2352 suppl.
1507 2310 1550 2351 p.
1574 2292 1670 2350 47.)
1719 2295 1829 2335 4-5
1861 2294 2034 2348 andra,

249 2359 438 2402 amentis
471 2359 808 2415 pedunculatis,
854 2358 1100 2412 pedunculo
1132 2358 1312 2407 foliato,
1359 2355 1570 2412 squamis
1604 2352 1929 2395 concoloribus
1961 2354 2037 2394 de-

247 2419 428 2471 ciduis,
479 2417 674 2473 capsulis
707 2432 759 2458 ex
791 2423 922 2458 ovata
955 2417 1051 2457 basi
1085 2416 1325 2457 attenuatis
1359 2415 1528 2470 glabris
1562 2412 1865 2466 pedicellatis,
1909 2412 2034 2466 pedi-

247 2477 361 2518 cello
393 2479 632 2519 nectarium
666 2480 732 2517 ter
763 2482 976 2531 quaterve
1009 2480 1273 2529 superante,
1317 2473 1434 2526 stylo
1465 2470 1702 2522 mediocri,
1747 2470 2034 2526 stigmatibus

246 2535 562 2577 crassiusculis
607 2534 925 2591 emarginatis,
975 2532 1099 2575 foliis
1147 2530 1644 2587 oblongo-lanceolatis
1689 2529 1822 2584 longe
1865 2528 2033 2569 acumi-

244 2593 364 2635 natis
397 2594 536 2635 dense
575 2594 804 2635 serrulatis
847 2592 1160 2648 glaberrimis,
1205 2589 1395 2645 ,stipulis
1438 2587 1770 2630 semicordatis
1813 2586 2032 2641 obliquis,

245 2652 410 2706 petiole
442 2665 631 2708 superne
663 2650 1106 2708 multi-glanduloso.
1140 2648 1198 2707 ’5.
1232 2649 1283 2691 ln
1329 2648 1469 2704 pratis
1517 2646 1745 2701 paludosis
1778 2644 2031 2699 sylvaticis,

248 2709 508 2764 (Pommern
549 2724 593 2752 u.
637 2709 911 2765 Mecklenb.)
960 2708 1067 2750 Mai.
1100 2708 1204 2750 Jun.
1268 2706 1315 2749 S.
1350 2706 1579 2760 cuspidata
1617 2702 1755 2745 Koch.
1798 2708 2032 2744 comment.

246 2767 289 2809 d.
321 2769 445 2811 salic.
480 2783 628 2825 europ.
661 2783 702 2825 p.
725 2770 821 2820 14„
856 2768 966 2811 excl.
997 2781 1096 2822 syn.
1130 2766 1333 2808 Linnaei.
1374 2764 1468 2820 (Cl.
1504 2764 1670 2816 Meyer.
1705 2761 1750 2801 in
1785 2761 1920 2802 cblor.
1957 2761 2032 2801 ba-

245 2838 347 2869 noV.
390 2842 431 2883 p.
451 2828 550 2872 485.
594 2827 645 2869 S.
680 2827 956 2883 cuspidatam
999 2840 1138 2868 meam
1181 2825 1235 2866 ad
1268 2824 1458 2866 Salicem
1493 2820 1700 2876 fragilem
1742 2818 1904 2870 trahit3
1953 2818 2032 2861 sed

247 2883 586 2941 descriptionem
617 2885 784 2929 Salicis
817 2884 1077 2940 cuspidatae
1109 2884 1163 2926 ad
1195 2882 1453 2939 specimina,
1489 2881 1542 2920 ab
1575 2882 1675 2932 ipso
1711 2877 1766 2918 cl.
1802 2877 2034 2918 Schultzio

248 2948 442 2999 accepta,
476 2945 665 2998 confeci,
699 2957 782 2986 nee
813 2958 863 2986 eo
887 2949 1089 2999 tempore
1121 2943 1211 2984 alia
1242 2944 1287 2983 in
1308 2938 1547 2981 Germania
1581 2938 1693 2977 lecta
1727 2936 1946 2990 possedi.)
1982 2934 2033 2976 S.

248 3002 472 3046 tetrandra
492 3002 625 3047 Linn.
657 3005 706 3048 it.
734 3003 830 3046 Oel.
864 3002 912 3045 in
942 3001 1106 3056 indice,
1139 3015 1192 3058 ex
1223 2998 1428 3056 opinione
1460 2996 1515 3039 cl.
1536 2995 1720 3048 Friesii‚
1754 2994 1891 3036 novit.
1912 3007 2032 3036 suec.

307 3227 356 3276 ³1³¹)
378 3232 497 3267 Verba
518 3235 652 3267 litteris
676 3237 835 3268 cursivis
861 3235 1041 3277 impressa
1064 3235 1102 3268 in
1125 3232 1195 3266 hoc
1220 3241 1352 3274 genere
1386 3230 1591 3272 specierum
1622 3228 1796 3261 sectionis
1827 3228 1956 3269 notas,
1989 3235 2033 3259 ex

373 3279 506 3320 quibus
529 3278 595 3311 hae
618 3282 741 3312 statim
765 3285 1057 3323 cognoscuntur,
1083 3287 1150 3312 nec
1174 3286 1317 3321 semper
1342 3278 1459 3308 totius
1485 3274 1651 3316 generis,
1678 3272 1860 3305 exhibent.
