2200 3525
202 175 431 212 ononus.
789 154 1401 209 PAPILIONACEAE.
1891 157 1995 207 203

203 321 325 364 tibus
357 317 750 370 brevioribusque,
784 314 911 367 stylo
942 316 1138 368 lineat-1⁸,
1184 318 1348 359 radice
1368 318 1694 374 fasciculam,
1725 315 1873 371 fibris
1906 315 1997 357 cla·

203 381 344 422 vatis.
377 377 445 433 Q.
494 378 544 418 In
591 375 728 429 pratis
772 375 994 414 montanis
1028 382 1067 414 ct
1101 376 1209 415 locis
1243 381 1442 432 asperis,
1488 379 1598 433 (von
1631 377 1827 418 Bolimen
1863 373 1998 415 durch

205 439 392 481 Maturen
438 449 479 476 u.
514 433 743 474 Oestreich
789 431 856 472 bis
902 433 1011 472 nach
1057 430 1200 473 Triest
1246 449 1284 474 u.
1333 436 1516 492 Fiume3
1560 436 1728 477 sodann
1772 448 1839 474 am
1883 433 1997 473 siidl.

205 498 422 551 Abliange
464 492 541 534 des
575 492 846 531 Hirscbauer
896 504 935 530 u.
982 490 1286 542 qurnrlinger
1330 493 1498 548 Berges
1549 495 1606 536 im
1650 491 1998 547 Wiirtembergi·

209 555 386 602 schen.)
434 550 485 592 O.
522 550 798 605 pannonicus
831 548 1030 590 Kiamer.
1065 549 1234 589 elench.
1256 552 1352 591 213.
1401 554 1527 607 dacq.
1563 567 1604 593 a.
1638 559 1666 593 t.
1685 555 1758 596 39.
1833 550 1886 592 Ο.
1921 563 1998 590 au·

205 613 396 654 striacus
431 609 607 650 Crantz.
642 608 797 652 a.374.
864 606 914 647 O.
951 606 1286 660 asphodeloides
1321 608 1494 650 Gouan.
1529 612 1686 652 illustr.
1710 611 1780 653 48.
1845 609 2000 650 Flores

205 671 313 722 albi,
347 669 556 709 vexillum
588 668 633 708 in
656 666 785 707 dorso
812 679 945 719 saepe
972 666 1116 707 colore
1142 679 1266 705 roseo
1291 669 1586 720 superfusum.
1651 670 1875 719 Legnmen
1898 668 1999 707 reti-

162 739 167 749 *
205 729 636 778 culato-venosum,
672 725 798 765 venis
832 725 1037 778 obliquis.
1099 723 1216 764 Sem.
1253 726 1445 778 perfecte
1479 734 1645 767 matura
1679 729 1856 779 walia,
1906 739 1996 766 ma-

206 788 367 829 culata.
400 808 457 815 —-
520 784 571 826 Ο.
607 785 774 825 lacteus
817 783 877 824 M.
912 783 1131 824 Bieberst.
1179 787 1289 823 taur.
1336 796 1457 824 cauc.
1477 788 1517 826 2.
1565 788 1671 837 152,
1715 793 1780 827 est
1824 785 1875 826 Ο.
1910 784 2000 825 albi

205 846 428 896 varietas,
472 842 647 884 Besser.
681 842 727 883 in
760 842 870 896 litt.;
916 842 1041 884 caule
1073 840 1246 883 scilicet
1276 841 1536 884 subramoso
1569 850 1610 884 et
1641 844 1764 885 foliis
1797 843 1998 901 superio-

210 905 336 958 ribus
370 901 761 958 tri-quadrijugis.
1912 901 1967 942 G.

324 978 366 1020 5.
413 975 466 1017 O.
500 987 781 1015 vsnsrcoroa
814 971 988 1028 (Gmel.
1022 977 1133 1029 syst.
1165 977 1254 1014 nat.
1276 976 1315 1015 2.
1348 975 1563 1028 p.1108.)
1607 974 1739 1015 caule
1771 975 2000 1029 angulata

209 1048 380 1077 ramoso
396 1035 423 1086 ‚'
454 1047 644 1088 superne
688 1038 877 1088 anguste
918 1031 1060 1082 alato,
1106 1031 1232 1072 foliis
1270 1032 1563 1088 bi-trijugis,
1596 1033 1779 1086 foliolis
1810 1034 1998 1074 lineari-

208 1094 487 1137 lane-wlatis
519 1090 872 1145 linem-ibasque
902 1091 1100 1146 glabris,
1146 1089 1347 1145 stipulis'
1370 1090 1501 1131 basin
1534 1091 1783 1132 foliolorum
1818 1092 2000 1133 inferio-

207 1167 302 1195 rum
336 1152 658 1206 attingentibus
692 1149 1089 1202 brevioribusque,
1123 1149 1249 1202 stylo
1280 1149 1573 1199 lanceolam,
1607 1149 2004 1203 radic-esa.s·cicu-

208 1210 504 1264 laea‚fib1·is
540 1208 755 1250 clavatis.
789 1205 858 1263 Q.
896 1208 946 1248 ln
980 1207 1088 1249 locis
1122 1207 1367 1262 lapidosis,
1414 1208 1509 1264 (bei
1543 1208 1717 1259 Tniest,
1753 1208 2001 1264 Kutzing3)

208 1269 348 1324 April.
385 1268 496 1309 Mai.
562 1267 617 1312 Ο,
652 1267 802 1308 varius
846 1265 1028 1307 Soland.
1063 1267 1107 1306 in
1142 1265 1278 1308 Sims.
1313 1267 1399 1308 bot.
1435 1281 1607 1322 magaZ.
1641 1273 1670 1307 t.
1696 1269 1794 1311 675.
1858 1268 2003 1308 Vexil-

207 1328 298 1370 lum
333 1341 524 1379 roseum,
560 1327 657 1367 alae
689 1331 729 1366 et.
761 1327 915 1366 carina
948 1325 1102 1366 flavae.
1129 1349 1187 1355 —
1247 1325 1367 1367 Huic
1399 1332 1440 1367 et
1473 1325 1749 1367 antecedenti
1781 1325 1911 1369 valde
1941 1325 2002 1366 si-

209 1387 338 1428 miles
380 1391 484 1427 sunt
532 1386 570 1430 1.
607 1384 658 1425 Ο.
692 1384 897 1439 alpestris
928 1384 999 1425 W.
1033 1390 1074 1425 et
1106 1384 1196 1425 Kit.
1230 1384 1288 1439 pl.
1323 1397 1359 1424 r.
1395 1383 1533 1441 hung.
1567 1399 1608 1439 p.
1631 1387 1727 1427 133.
1761 1389 1790 1424 t.
1814 1386 1918 1436 126,
1961 1390 2004 1427 et

210 1449 252 1490 2.
288 1444 342 1490 Ο.
378 1457 616 1486 canescens
661 1444 710 1484 L.
756 1443 814 1484 fil.
850 1443 994 1497 suppl.
1027 1457 1070 1497 p.
1090 1445 1222 1494 327„
1288 1441 1340 1483 O.
1373 1442 1594 1484 filiformis
1636 1443 1762 1484 Lam.
1804 1443 1846 1484 fl.
1889 1445 1942 1484 fr.
1964 1447 2004 1487 2.

211 1518 254 1560 p.
276 1505 374 1547 568.
440 1502 548 1544 Cum
583 1501 635 1543 O.
670 1503 768 1543 albo
810 1501 1015 1543 convenit
1049 1501 1104 1541 Ο.
1139 1501 1348 1556 alpestris
1390 1502 1543 1555 caule,
1588 1502 1737 1554 foliis,
1787 1503 2005 1558 magnitu-

213 1563 316 1604 dine
342 1562 493 1602 florum
529 1568 569 1603 et
601 1562 718 1614 stylo
751 1560 935 1615 lineari3
970 1560 1264 1616 distinguitur
1296 1574 1398 1601 vero
1431 1561 1616 1607 floribus
1650 1564 1899 1615 purpureiS,
1931 1575 2004 1602 ra·

213 1620 311 1662 dice
336 1634 421 1662 non
448 1619 720 1676 filipendula,
745 1619 894 1668 (radix
914 1619 1028 1659 enim
1055 1620 1265 1660 formatur
1292 1619 1529 1660 rhizomate
1555 1622 1690 1671 brevi,
1715 1620 1838 1659 libris
1856 1619 2004 1678 longis

213 1679 496 1721 filiformibus
531 1687 670 1720 terrae
703 1677 888 1730 infixo,)
931 1684 996 1730 et,
1039 1692 1091 1719 ex
1131 1677 1427 1731 descriptione
1459 1677 1720 1732 Ritaibelii,
1762 1676 2001 1735 legumini-

214 1739 297 1780 bus
331 1738 508 1792 oblique
541 1736 708 1777 striatis
752 1743 794 1777 et
835 1735 1081 1777 seminibus
1124 1736 1437 1788 subrotundis,
1485 1737 1815 1792 unicoloribus;
1861 1739 1915 1778 ab
1949 1736 2012 1781 Ο.ι

213 1797 450 1847 tuberoso,
486 1795 555 1837 cui
590 1794 643 1838 Ο.
675 1793 880 1850 alpestris
912 1800 1110 1849 respectu
1144 1794 1297 1835 florum
1330 1796 1458 1836 valde
1491 1795 1677 1843 similis,
1729 1795 1801 1836 hic
1843 1795 2004 1850 differt,

215 1855 341 1898 caule
375 1868 460 1895 non
494 1856 636 1907 alat03
670 1855 723 1894 ab
760 1852 810 1894 O.
845 1853 1111 1894 versicolore
1143 1852 1292 1894 radice
1324 1867 1409 1894 non
1442 1853 1716 1907 filipendula,
1750 1854 1895 1895 colore
1927 1854 2004 1895 flo-

218 1928 312 1956 rum
347 1919 388 1954 et
419 1914 537 1968 stylo
568 1911 744 1955 lineari.
778 1910 1023 1966 (Legumen
1058 1917 1099 1952 et
1130 1913 1301 1952 semina
1334 1910 1387 1953 Ο.
1421 1911 1628 1967 alpestris
1663 1912 1853 1953 nondum
1898 1913 2005 1956 vidi.

214 1996 274 2003 —-
316 1972 383 2012 Ab
415 1969 619 2012 omnibus
650 1970 719 2010 his
753 1971 916 2011 recedit
949 1968 1001 2011 Ο.
1035 1983 1302 2022 canescens,
1352 1971 1480 2012 cuius
1524 1972 1745 2024 specimen
1788 1973 2007 2027 germani-

215 2044 312 2072 cum
347 2029 492 2071 adhuc
522 2043 609 2070 non
653 2028 773 2082 vidi,
817 2030 981 2084 petiolo
1024 2028 1243 2070 communi
1292 2029 1355 2070 ita
1397 2030 1677 2079 abbreviato,
1727 2035 1773 2070 ut
1815 2031 2007 2085 stipulae

214 2103 348 2144 saepe
371 2090 497 2129 basin
524 2088 729 2129 foliorum
760 2101 1062 2143 supremorum
1096 2088 1333 2143 attingant,
1367 2093 1410 2129 et
1438 2089 1553 2143 stylo
1587 2087 1710 2144 apice
1742 2088 1786 2128 in
1821 2088 2007 2146 figuram

217 2148 468 2189 rhombeam
502 2146 695 2187 dilatato.
762 2145 818 2186 Ο.
856 2145 1133 2188 canescentis
1167 2146 1361 2189 varietas
1392 2146 1576 2189 floribus
1617 2147 1868 2203 sulphureis
1914 2155 2005 2191 est:

219 2205 271 2248 O.
306 2207 555 2263 pallescens
588 2205 652 2246 Μ.
685 2204 813 2246 Bieb.
846 2210 875 2248 t.
911 2219 945 2247 c.
967 2208 1007 2248 2.
1041 2219 1084 2260 p.
1107 2207 1202 2247 153.
1920 2206 1977 2253 G.

338 2283 380 2325 7.
425 2279 481 2320 Ο.
517 2291 691 2320 Lnrssus
736 2277 813 2334 (L.
846 2292 909 2333 sp.
944 2280 1096 2330 2028.)
1137 2278 1271 2320 caule
1311 2277 1901 2332 anqulato-subsimplici,
1947 2280 2009 2321 f-

215 2337 292 2380 liis
324 2337 720 2394 subquadrijugis,
763 2337 947 2391 foliolis
991 2336 1209 2391 ellipcicis
1255 2337 1568 2379 acutiusculiS
1610 2338 1779 2379 subtus
1822 2339 2007 2393 ylaucis

216 2398 408 2450 opacis,
456 2396 572 2450 stylo
607 2396 766 2437 lineari
807 2396 932 2450 apice
963 2396 1173 2447 barbato,
1221 2396 1484 2438 rhizomate
1523 2395 1832 2449 horizonlali,
1882 2398 2007 2439 fibris

219 2455 502 2497 filiformibus
529 2484 542 2505 ,
607 2454 855 2496 hornotinis
911 2454 1188 2510 simplicibus
1211 2484 1224 2507 ,
1284 2454 1537 2496 senioribus
1589 2454 1845 2507 fibrillosis,
1916 2456 2006 2497 hilo

220 2521 416 2568 quartam
449 2514 634 2554 seminis
667 2518 833 2567 partem
865 2513 1089 2568 cingente.
1123 2509 1191 2568 ZJ„
1227 2513 1277 2554 ln
1311 2513 1455 2565 sylvis
1488 2514 1708 2553 montanis
1742 2513 2006 2556 editioribus

219 2573 354 2628 inque
397 2572 603 2623 alpibus,
649 2574 757 2624 (von
801 2571 876 2613 der
907 2570 1116 2613 Schweiz
1160 2572 1295 2614 durch
1327 2571 1465 2626 Tyrol
1509 2571 1598 2612 und
1632 2570 1854 2626 salzburg
1895 2573 2007 2614 nach

217 2631 400 2687 Krain.)
434 2630 542 2672 Mai.
576 2630 698 2672 Jun..
748 2627 799 2670 O.
834 2636 1066 2671 montanus
1101 2628 1231 2685 Scop.
1269 2644 1386 2671 carn.
1404 2633 1443 2673 2.
1478 2643 1518 2682 p.
1539 2631 1611 2673 60.
1677 2628 1730 2670 Ο.
1760 2631 2008 2679 laevigatus

218 2691 286 2731 W.
314 2691 367 2731 Κ.
396 2691 452 2745 pl.
489 2703 522 2730 r.
558 2689 691 2742 hung.
727 2693 754 2728 t.
778 2686 873 2732 243.
909 2689 1000 2741 (Ab
1040 2688 1091 2731 Ο.
1118 2690 1237 2731 luteo
1267 2689 1391 2731 nulla
1423 2695 1525 2730 nota
1557 2688 1787 2731 essentiali
1819 2689 2008 2746 differt.)

218 2748 371 2791 Flores
405 2748 681 2798 ochroleuci,
721 2746 878 2788 siccati
911 2747 1041 2791 fulvi.

336 2824 376 2865 2.
413 2821 466 2863 O.
501 2834 645 2862 NIGER
691 2820 770 2876 (L.
805 2834 870 2875 sp.
895 2822 1044 2873 1028.)
1088 2822 1222 2863 caule
1253 2821 1483 2877 ungulato
1522 2832 1738 2872 ramoso,
1782 2817 1861 2860 sol.
1904 2817 2009 2859 sub-

221 2880 447 2935 sexjugis,
486 2880 670 2934 foliolis
724 2879 1118 2934 ovato-oblonqis
1160 2880 1342 2922 obt-usis
1389 2880 1557 2922 subtus
1598 2877 1783 2933 gylaucis
1826 2877 2008 2931 opacis,

221 2940 347 2989 stylo
379 2940 550 2980 lineari
581 2954 610 2980 α
644 2939 795 2979 medio
828 2938 896 2978 ad
925 2939 1108 2991 apicem
1138 2939 1368 2991 barbato,
1420 2937 1568 2980 radice
1609 2949 1795 2976 ramosa.
1838 2932 2012 2992 21..st

223 2997 366 3050 sylvis
408 2998 692 3052 planitierum
743 3004 786 3038 et
836 2998 1046 3038 montium
1090 2998 1383 3039 humiliorum.
1431 2997 1533 3038 Jun.
1567 2994 1654 3036 Jul.
1717 2993 1870 3035 Flores
1913 3008 2014 3049 pur-

187 3056 376 3109 „purei‚
422 3056 586 3097 vexillo
628 3055 757 3096 venis
801 3055 1159 3098 saturatioribus.
1192 3081 1251 3087 —
1312 3055 1441 3099 Quae
1483 3053 1712 3107 hucusque
1743 3052 1837 3096 vidi
1868 3052 2016 3110 speci-

222 3113 343 3154 mina
375 3112 426 3155 Ο.
461 3114 601 3156 tristis
632 3113 803 3172 Lang.,
840 3114 894 3156 ab
929 3113 985 3155 Ο.
1019 3115 1150 3173 nigro
1182 3114 1361 3157 diversa
1392 3125 1478 3154 non
1510 3112 1707 3159 fuerunt.

339 3242 462 3284 Trib.
496 3243 574 3286 IV.
638 3245 1123 3288 PHASEOLEAE.
1155 3244 1324 3289 Bronn.
1357 3242 1466 3284 diss.
1499 3256 1539 3297 p.
1560 3243 1665 3286 133:
1688 3239 1785 3284 DC.
1808 3239 1953 3298 prodr.
1969 3244 2012 3286 2.

225 3302 326 3345 381.
387 3302 618 3360 Legumen
652 3304 954 3358 uniloculare,
1002 3305 1073 3347 vel
1116 3303 1257 3360 septis
1297 3303 1398 3346 laxe
1439 3299 1667 3345 cellulosis
1697 3301 1813 3345 inter
1843 3299 2017 3343 semina
