2200 3525
208 111 443 170 XXXVI

936 263 1281 312 SILIQUOSA.

515 356 706 402 Fructus
738 356 956 412 angustus
988 359 1030 397 et
1059 355 1228 398 ratione
1259 349 1508 396 latitudinis
1539 349 1716 408 longus.

343 448 385 492 1.
433 432 608 504 Stigma
638 458 664 485 e
695 441 889 485 lamellis
924 444 979 495 2,
1012 442 1203 496 erectis,
1237 438 1592 483 accumbentibus
1625 439 1875 480 formatum.

219 522 291 569 46.
321 523 571 564 Hesperus.
631 515 857 557 Lamellae
889 513 1115 568 stigmatis
1147 514 1280 555 dorso
1314 525 1399 552 uon
1431 511 1722 555 incrassatae.

219 585 292 628 33.
322 581 617 623 MA‘rTnIoLA.
678 572 901 616 Lamellae
932 573 1158 628 stigmatis
1190 571 1318 613 dorso
1351 570 1655 622 incrassatae,
1703 568 1773 610 vel
1805 566 2007 625 cornige-

278 653 379 694 rae,
411 637 482 679 vel
512 634 658 691 stylus
693 631 896 686 utrinque
927 630 1143 687 corniger.

338 737 399 782 11.
444 735 622 795 Stigma
651 733 882 786 obtusum,
914 730 984 773 vel
1018 728 1372 786 emarginatum,
1413 726 1485 769 vel
1518 725 1650 770 etiam
1679 724 1892 779 bilobum,

894 789 973 833 sed
1004 789 1118 832 lobis
1150 786 1337 829 obtusis.

780 879 832 922 A.
880 876 1058 931 Siliqua
1089 887 1176 916 non
1209 873 1463 916 dehiscens.

226 957 293 1002 78.
328 953 595 997 RAPnANus.
657 949 836 1006 Siliqua
872 946 1119 1003 cylindriea
1150 946 1220 987 vel
1253 941 1595 999 moniliformi8‚
1636 955 1723 984 non
1760 940 2014 998 dehiscens,

283 1014 364 1057 sed
394 1015 644 1057 maturitate
677 1009 938 1067 quandoque
970 1006 1016 1048 in
1048 1004 1257 1047 articulos
1289 1002 1577 1046 transversim
1610 999 1840 1045 secedens.

653 1097 706 1142 B.
751 1095 926 1151 Siliqua
957 1093 1003 1135 in
1035 1090 1242 1134 valvulas
1272 1094 1300 1138 2
1331 1089 1581 1131 dehiscens.

327 1201 367 1231 a.
410 1185 629 1231 Valvulae
660 1184 865 1228 enerviae
894 1181 965 1223 vel
995 1178 1096 1222 basi
1127 1181 1297 1220 tantum
1329 1189 1464 1218 nervo
1498 1173 1635 1217 debili
1665 1168 1923 1218 instructae.

230 1259 300 1306 45.
331 1260 595 1302 Deru-Ama.
655 1256 770 1299 Sem.
816 1255 861 1296 in
910 1265 1081 1308 quoque
1122 1249 1265 1293 loculo
1308 1243 1593 1291 uniserialia.
1662 1246 1864 1306 Cotyled.
1910 1260 2022 1291 mar-

289 1319 397 1376 gine
428 1319 633 1371 utrinque
663 1313 964 1379 complicatae.

231 1377 302 1421 42.
338 1375 634 1417 CARDAMINE.
697 1372 813 1417 Sem.
840 1383 885 1412 m
920 1380 1090 1424 quoque
1114 1366 1258 1409 loculo
1286 1364 1560 1407 uniserialia.
1613 1338 1816 1420 botyled.
1850 1364 2025 1420 planae.

232 1435 304 1480 34.
337 1433 652 1477 Nasrummm.
716 1429 836 1473 Sem.
869 1429 916 1472 in
947 1439 1119 1484 quoque
1148 1426 1294 1470 loculo
1326 1423 1559 1467 biserialia
1599 1417 1675 1465 vel
1718 1423 2025 1480 irregulariter

291 1493 474 1537 seriata.

319 1594 362 1639 b.
395 1589 612 1638 Valvulae
648 1589 811 1633 1·3-5
844 1585 1040 1639 nerviae,
1080 1585 1152 1643 (in
1183 1583 1392 1627 Arabidis
1425 1580 1663 1639 speciebus
1696 1581 1927 1626 nonnullis

436 1663 600 1694 nervus
632 1647 824 1702 debilis,
856 1646 935 1689 sed
968 1646 1148 1689 striclae
1178 1643 1530 1702 longitudinalcs
1563 1641 1828 1698 plurimae.)

634 1748 703 1777 aa.
751 1733 1050 1791 Cotyledones
1082 1732 1269 1788 planae,
1303 1732 1628 1775 accumbentes.

237 1814 309 1858 37.
341 1810 584 1852 'sumnus-
646 1807 763 1850 Sem.
797 1808 843 1848 in
878 1820 1048 1862 quoque
1080 1806 1225 1848 loculo
1256 1804 1504 1846 biserialia.

239 1869 310 1914 34.
346 1870 693 1912 CHEfflAN‘rHUs.
757 1865 876 1908 Sem.
919 1865 965 1908 in
1009 1878 1184 1921 quoque
1225 1864 1370 1906 loculo
1404 1865 1426 1906 1
1461 1859 1657 1907 serialia.
1719 1855 1896 1913 stigma
1933 1854 2033 1898 bifi-

299 1928 426 1981 dum,
461 1927 572 1969 lobis
605 1926 865 1968 recurvatis.

241 1988 310 2032 36.
342 1986 610 2028 BARBAREA.
673 1983 791 2026 Sem.
823 1984 868 2025 in
904 1994 1076 2036 quoque
1102 1979 1252 2021 loculo
1291 1981 1312 2023 1
1346 1977 1545 2020 serialia.
1609 1973 1788 2032 Stigma
1829 1972 2035 2015 obtusum

300 2046 370 2086 vel
403 2045 736 2101 emarginatum.
801 2041 978 2095 Siliqua
1012 2039 1214 2081 subteres
1246 2038 1318 2079 vel
1336 2040 1600 2094 'tetragona‚

243 2104 313 2148 37.
343 2103 532 2145 AnAeis.
597 2101 714 2143 Sem.
749 2101 794 2142 in
828 2112 1001 2154 quoque
1033 2098 1176 2139 loculo
1212 2100 1233 2141 1
1259 2095 1459 2138 serialia.
1521 2092 1698 2151 Stigma
1729 2091 1932 2134 obtusum
1963 2088 2038 2133 vel

302 2161 633 2219 emarginatum.
696 2159 874 2214 Siliqua
907 2155 1035 2198 valde
1068 2167 1340 2212 compressa.

640 2247 713 2290 bb.
759 2244 1054 2302 Cotyledones
1085 2243 1276 2299 planae,
1310 2241 1633 2284 incumbentes.

245 2321 316 2367 49.
349 2319 524 2363 Bam.
587 2318 707 2362 Sem.
740 2319 785 2361 in
821 2330 992 2372 quoque
1023 2316 1168 2358 loculo
1209 2313 1461 2357 biserialia.
1523 2311 1656 2368 Siliq.
1699 2311 1845 2364 teres,
1886 2305 2041 2350 valvu-

304 2380 374 2422 lae
406 2392 540 2420 nervo
573 2378 741 2422 dorsali
774 2376 948 2419 subtili.

250 2438 319 2483 54.
353 2437 578 2480 SYRENIA.
642 2436 760 2479 Sem.
806 2435 852 2477 in
897 2446 1071 2489 quoque
1113 2431 1259 2476 loculo
1305 2429 1548 2475 biserialia.
1620 2425 1753 2483 Siliq.
1793 2428 2042 2480 tetragona,

306 2497 512 2538 valvulae
542 2509 677 2538 nervo
711 2493 874 2537 dorsali
907 2492 1070 2534 valido.

251 2555 319 2599 50.
354 2555 618 2596 Earsnvmm.
681 2553 799 2595 Sem.
843 2553 890 2592 in
934 2563 1107 2606 quoque
1137 2548 1282 2593 loculo
1316 2551 1340 2594 1
1372 2545 1569 2590 serialia.
1632 2542 1765 2600 Siliq.
1794 2544 2043 2598 tetragona,

307 2614 513 2655 valvulae
545 2626 680 2654 nervo
711 2610 878 2653 dorsali
910 2610 1055 2651 unico.

253 2668 322 2717 49,
354 2672 676 2712 Huemzmma.
738 2668 856 2710 Sem.
890 2668 937 2710 in
971 2680 1145 2723 quoque
1184 2665 1333 2710 loculo
1381 2667 1405 2710 1
1437 2661 1638 2709 serialia.
1697 2658 1831 2715 Siliq.
1863 2668 2045 2713 anceps,

309 2730 515 2771 valvulae
545 2742 682 2770 nervo
714 2727 885 2770 dorsali
922 2729 1070 2771 unico.

253 2786 326 2832 47.
360 2787 671 2829 S1srmnfflu1u.
733 2785 851 2827 Sem.
884 2784 929 2826 in
964 2797 1138 2841 quoque
1163 2782 1309 2828 loculo
1339 2784 1362 2827 1
1390 2779 1587 2825 serialia.
1650 2775 1830 2832 Siliqua
1852 2772 2047 2816 valvulis

314 2847 552 2898 convexis,
586 2848 614 2889 3
647 2844 834 2887 nerviis.

257 2902 327 2949 46.
360 2904 662 2945 MALcomnA.
725 2901 845 2943 Sem.
890 2900 936 2942 in
980 2914 1154 2958 quoque
1197 2898 1342 2943 loculo
1376 2900 1400 2943 1
1432 2895 1630 2940 serialia.
1694 2891 1873 2949 Siliqua
1913 2893 2046 2943 teres,

315 2963 545 3003 terminata
575 2963 784 3017 stigmate
823 2960 989 3002 conice.

377 3060 443 3093 cc.
497 3046 798 3105 Cotyledones
844 3047 1179 3099 incumbentes,
1235 3041 1454 3101 profunde
1485 3035 1821 3085 >canaliculatae
1862 3035 1935 3078 vel

973 3105 1327 3161 conduplicatae.

262 3174 658 3221 56.D11›1.0nx1s.
720 3177 838 3220 Sem.
883 3176 928 3218 in
974 3190 1147 3234 quoque
1188 3176 1334 3221 loculo
1376 3170 1637 3223 biserialia,
1679 3166 1826 3212 ovalia
1868 3163 1940 3210 vel
1977 3162 2052 3209 ob·

320 3233 479 3291 longa,
519 3237 697 3290 paulum
728 3249 994 3293 compressa.
