2200 3525
196 135 325 189 vlu

199 299 330 341 XIX.
368 296 773 341 SYNGENESIA.
836 295 1055 336 Antlierae
1099 294 1144 336 in
1183 290 1430 348 cylindrum
1473 294 1686 333 connatae
1723 290 1769 335 in
1802 290 1989 336 floribus

260 359 487 399 involucro
520 357 739 398 communi
774 354 934 396 cinctis
968 354 1207 407 floremque
1240 351 1527 404 compositum
1561 350 1871 392 formantibus.

201 418 298 459 XX.
334 415 704 457 GYNANDRIA.
769 412 905 453 Stam.
940 413 1108 466 pistillo
1140 411 1297 450 adnata
1334 409 1379 448 in
1413 407 1517 448 flore
1550 407 1793 463 hermaphr.

201 475 333 517 XXI.
367 472 697 516 MONOECIA.
760 471 913 513 Flores
947 470 1266 521 unisexunles‚
1315 466 1503 507 maseuli
1545 472 1587 508 et
1628 467 1812 509 feminei
1842 466 1889 509 in
1921 480 1992 510 ea·

262 533 358 573 dem
424 533 558 573 lanta.

206 591 357 633 XXII.
390 546 664 632 i'MOECIA.
726 587 880 629 Flores
925 586 1208 628 unisexuales
1241 582 1428 625 masculi
1461 581 1506 625 in
1538 595 1625 624 una
1657 587 1699 626 et
1730 583 1913 627 feminei
1943 583 1991 626 in

264 652 401 690 altera
431 650 581 701 planta
615 645 811 687 eiusdem
845 647 1023 698 speciei.

204 707 378 749 XXIII.
411 704 786 746 POLYGAMIA.
851 704 1003 745 Flore-s
1039 701 1322 742 unisexuales
1357 698 1728 754 hermaphroditis
1761 698 1901 742 mixti.

204 766 367 807 XXIV.
402 762 853 806 CRYPTOGAMIA.
918 760 1117 801 Stamina
1150 760 1297 812 nulla3
1336 757 1536 811 (utriculi
1564 758 1760 815 oblongi,
1794 757 1994 799 unilocu-

263 825 397 879 lares,
432 823 615 864 materia
647 834 856 878 grumosa
889 818 1058 875 repleti,
1093 830 1258 873 organa
1282 816 1476 858 mascula
1508 817 1552 857 in
1586 819 1750 859 muscis
1783 816 1992 860 referunt.

266 882 317 923 In
353 881 516 924 ceteris
548 881 717 937 plantis
751 878 1098 935 cryptogamicis
1130 876 1193 916 nii
1225 876 1372 917 simile
1404 874 1660 931 reperitur.)

901 1030 1307 1091 ORDINES.

333 1144 535 1186 Ordines
568 1142 776 1186 classium
810 1153 834 1181 a
867 1139 1011 1194 prima
1044 1138 1094 1180 ad
1130 1139 1349 1181 decimam
1392 1137 1564 1179 tertiam
1609 1151 1633 1179 e
1675 1149 1856 1180 numero
1897 1151 1999 1179 ova-

212 1201 393 1253 riorum,
429 1209 487 1254 et,
523 1203 563 1244 si
596 1201 791 1242 ovarium
824 1197 1073 1240 solitarium
1108 1205 1275 1250 exstat,
1309 1211 1332 1237 e
1365 1210 1545 1237 numero
1578 1196 1816 1252 stylorum,
1850 1197 2000 1251 stylis-

214 1274 298 1315 que
315 1267 456 1302 autem
478 1259 800 1308 deficientibus,
828 1270 850 1297 e
874 1269 1054 1298 numero
1068 1258 1325 1312 stigmatum
1341 1251 1666 1298 construuntur.
1701 1256 2000 1309 splonoyym'a

211 1318 344 1359 habet
375 1321 572 1360 ovarium
609 1323 647 1369 1,
682 1317 798 1370 stylo
831 1315 900 1355 vel
934 1317 1141 1370 stigmate
1174 1329 1259 1356 uno
1294 1320 1571 1367 coronatum3
1606 1313 1824 1368 Diyym‘a
1849 1316 2000 1355 ovaria

212 1380 256 1428 2,
290 1378 359 1418 vel
384 1377 582 1418 ovarium
606 1389 737 1417 unum
762 1388 858 1415 cum
892 1374 1024 1427 stylis
1056 1378 1099 1426 2,
1136 1374 1223 1427 vel,
1256 1373 1295 1414 si
1324 1372 1431 1425 styli
1458 1371 1681 1422 deficiunt,
1716 1372 2001 1428 stigmatibus

213 1437 242 1478 2
273 1434 561 1487 instructum3
607 1432 882 1487 Polygyym'a
915 1445 1017 1473 vero
1062 1432 1217 1474 ovaria
1261 1431 1477 1486 plurima,
1526 1430 1594 1471 vel
1638 1432 1834 1472 ovarium
1869 1445 2000 1472 unum

213 1494 345 1549 stylis
380 1494 718 1549 stigmatibusve
750 1489 967 1546 plurimiS.
1030 1490 1219 1532 Ordines
1244 1491 1470 1532 classium
1505 1490 1782 1543 sequentium
1815 1490 1862 1532 in
1894 1490 2008 1533 Dis-·

213 1552 433 1608 positione
467 1564 676 1610 generum
708 1554 979 1607 exponentur
1010 1551 1080 1591 vel
1112 1563 1188 1606 per
1219 1563 1267 1591 se
1298 1547 1420 1605 plani
1451 1554 1567 1589 sunt.

926 1715 1302 1779 GENERA.

217 1829 474 1881 Numerus,
511 1837 624 1871 ante
655 1843 822 1872 nomen
848 1828 1115 1885 yenerz'cum
1134 1825 1340 1881 positus,
1374 1825 1556 1867 indicat
1576 1824 1808 1882 payinam
1833 1824 2006 1881 operi&

766 1953 844 2005 Cl.
883 1953 923 2005 1.
985 1950 1456 2005 MONANDRIA.

920 2064 1095 2107 MONO
1105 2063 1307 2107 GYNIA.

218 2150 317 2197 245.
353 2152 594 2195 Hmaums.
655 2152 867 2210 Perigon.
902 2158 1109 2196 constans
1138 2167 1191 2195 ex
1222 2149 1424 2209 margine
1456 2149 1674 2203 obsoleto,
1708 2148 1908 2192 ovat-ium
1939 2162 2008 2193 co-

277 2217 473 2252 tonante.

335 2269 403 2310 Ad
435 2269 549 2312 hunc
579 2269 807 2313 ordinem:
870 2270 1155 2314 Salicorm'a.
1220 2267 1562 2312 Centranthus.

973 2370 1254 2414 DIGYNIA.

334 2456 405 2499 Ad
452 2457 569 2501 hunc
611 2459 842 2502 ordinem:
927 2459 1208 2502 Calletrz‘che
1248 2458 1445 2500 Blitum.
1529 2455 1741 2499 Festuca
1781 2457 2008 2512 Myurus.

219 2515 615 2573 Pseudomyurus
647 2527 694 2560 et
723 2519 1006 2562 sciuroides.
1044 2518 1311 2561 Psiluras.

793 2643 871 2713 cl.
909 2642 977 2696 ΙΙ.
1052 2639 1436 2694 DIANDRIA.

920 2752 1306 2797 MONOGYNIA.

728 2843 784 2884 A.
847 2842 1008 2884 Flores
1040 2840 1322 2897 incompleti,
1354 2841 1503 2884 inferi.

220 2915 319 2959 678.
354 2914 539 2958 ΒΠΡΡῙΑ.
599 2915 751 2973 Perig.
785 2929 824 2957 o.
887 2914 1032 2956 Nuces
1063 2913 1105 2959 4.

222 2974 322 3017 602.
357 2972 663 3017 SALlcoRNIA.
726 2973 873 3030 Perig.
907 2975 1152 3030 integrum,
1198 2972 1311 3014 rima
1344 2977 1569 3029 apertum,
1617 2969 1899 3016 excavationi
1941 2981 2009 3011 ra·

281 3031 412 3072 cheos
446 3033 714 3074 immersum.

223 3089 322 3133 680.
358 3089 544 3131 LEMNA.
591 3090 742 3146 Perig.
770 3104 1085 3146 compressum,
1120 3089 1360 3147 integrum,
1394 3091 1465 3131 vel
1492 3090 1694 3145 margine
1716 3087 2005 3130 crenulatum.

340 3148 405 3188 Ad
441 3148 553 3189 banc
595 3149 980 3196 subdivisionem:
1045 3150 1255 3192 Fraxini
1287 3149 1520 3203 apetalae.
1581 3146 1740 3200 Scirpi
1771 3153 1816 3186 et
1846 3143 2009 3196 Rhyn-

223 3205 485 3259 chosporae
516 3208 706 3259 species.
773 3209 1002 3250 Gladium.
1069 3208 1299 3250 Gramina
1338 3208 1483 3262 plura
1525 3206 1732 3248 diandra
1762 3204 1812 3246 in
1847 3203 2009 3245 Trian-

223 3264 331 3304 ἀνία
367 3264 563 3319 diyynia
596 3266 909 3308 continentur.
