2200 3525
842 197 1261 255 POMACEAE.
1857 189 1958 241 23⁷

169 361 412 414 montosis,
457 358 641 413 rupibus
674 358 951 413 praeruptis,
997 360 1098 413 (auf
1125 361 1219 403 dem
1254 363 1481 406 siidlicben
1514 363 1730 421 Abhangc
1762 360 1954 404 'Pharin-

168 435 306 476 gens,
342 434 384 463 u.
420 431 543 458 zwar
575 417 656 458 auf
682 417 779 457 dem
813 415 978 473 Singer
1011 432 1051 457 u.
1081 420 1317 477 Willinger
1344 423 1488 480 Berge
1521 425 1578 465 im
1605 423 1955 478 Schwarzburg-

169 474 610 526 Rudolstiidtisclien‚
658 473 927 528 Seliiinliei13
976 476 1043 516 bei
1081 476 1282 534 Coburg‚
1329 481 1584 539 Hornung,)
1640 481 1744 523 Mai.
1808 480 1873 521 Fl.
1908 480 1953 520 d.

166 543 195 577 t.
217 538 315 579 301.
379 532 521 590 Pyrus
556 533 745 588 hybrida
788 532 948 578 Smith.
986 534 1084 574 brit.
1110 537 1231 587 532„
1275 552 1359 578 non
1396 541 1544 581 Willh.
1610 539 1659 584 P.
1694 538 1958 594 pinnatifida

167 593 257 634 Sm.
302 593 418 648 engl.
464 591 505 632 fl.
530 594 573 634 2.
608 594 706 634 365.
742 616 798 622 —
856 593 893 632 A
928 591 976 637 S.
1014 592 1118 633 Atia
1161 595 1292 635 facile
1338 597 1612 650 dignoscitur
1659 598 1811 652 foliis,
1859 596 1956 637 basi

164 651 382 707 profunde
415 650 467 691 ad
495 657 656 691 costam
692 651 876 690 mediam
912 665 1050 705 usque
1084 653 1265 703 incisis,
1313 654 1562 708 ibidemque
1594 659 1637 698 in
1672 657 1831 712 pinnas
1865 656 1960 696 lan-

166 710 388 759 conlatas,
432 707 563 762 2—4,
607 709 867 760 distinctas,
912 710 1086 765 divisa3
1132 711 1176 751 in
1213 710 1258 750 S.
1295 713 1402 751 Aria
1446 715 1579 755 lobuli
1626 716 1781 756 minuti
1827 715 1956 756 basin

166 769 320 809 versus
365 767 636 808 decrescunt.
700 767 888 810 Fructus
932 767 979 809 S.
1014 770 1294 825 aucupariae.
1370 769 1527 813 Planta
1568 774 1755 830 hybrida
1804 775 1958 814 certis-

165 826 276 868 sime
309 840 392 867 non
428 834 506 867 est.
1872 830 1929 872 G.

284 884 553 926 Intermedia
598 884 723 938 quasi
760 884 873 926 inter
905 883 951 926 S.
986 885 1215 938 hybridam
1251 892 1290 928 ct
1324 885 1369 928 S.
1404 887 1550 927 Ariam
1585 895 1672 930 est:
1740 891 1785 932 S.
1821 904 1956 932 scan-

169 943 277 985 dica
310 943 450 984 Fries.
484 943 522 983 fl.
560 943 737 983 halland
785 957 824 996 p.
844 946 913 986 83.
968 942 1113 997 Pyrns
1146 946 1408 987 intermedia
1440 947 1568 987 Ehrh.
1606 949 1727 988 beitr.
1752 949 1865 1001 4.'p.
1886 949 1956 992 20.

170 1001 414 1056 Crataegns
449 994 556 1043 Arsa
594 1021 620 1045 α
654 1003 864 1041 scandica
898 1001 946 1041 L.
984 1016 1149 1043 amoen.
1187 1017 1250 1044 ac.
1272 1008 1308 1046 2.
1345 1019 1370 1058 p
1407 1008 1498 1049 190.
1565 1005 1704 1046 Foliis
1739 1008 1958 1048 ovato-ob-

167 1060 316 1115 longis
350 1060 698 1102 inciso-lebetis
743 1060 1036 1114 inaequaliter
1079 1064 1262 1102 seriatis
1304 1065 1460 1104 subtus
1508 1066 1791 1118 tomemosis,
1842 1066 1956 1106 lobis

167 1119 392 1173 parallelis
434 1124 679 1158 antrorsum
724 1119 867 1158 versis
912 1119 1157 1160 rotundatis
1204 1120 1331 1162 dente
1379 1122 1637 1163 intermedio
1672 1124 1954 1176 mucronatis,

167 1177 324 1218 mediis
359 1176 623 1231 profundius
655 1178 987 1229 penetrantibus
1013 1178 1106 1218 basi
1137 1179 1452 1232 integerrimis,
1480 1181 1738 1222 definienda.
1786 1181 1957 1223 Baccae

165 1234 370 1285 maiores,
407 1248 533 1288 quam
569 1233 612 1275 in
651 1235 834 1287 SAria,
870 1249 894 1276 a
927 1250 1011 1290 qua
1045 1236 1189 1278 differt
1221 1239 1424 1279 foliorum
1459 1241 1587 1280 venis
1620 1241 1812 1289 remotis,
1850 1253 1958 1280 mar-

166 1294 271 1349 gine
306 1293 531 1334 evidenter
574 1294 741 1344 lobato,
796 1295 911 1334 tobis
958 1295 1198 1337 maioribus
1222 1328 1233 1349 ‚
1280 1297 1468 1338 medium
1504 1298 1716 1351 marginis
1752 1299 1957 1339 foliorum

165 1353 509 1405 occupantibus3
544 1352 589 1393 in
626 1352 670 1394 S.
699 1353 805 1393 Aria
838 1354 974 1394 lobuli
1011 1368 1034 1394 a
1069 1355 1210 1395 medio
1243 1356 1339 1396 folii
1373 1358 1497 1396 basin
1520 1371 1674 1398 versus
1702 1357 1959 1398 decrescunt

164 1417 292 1465 atque
326 1424 422 1450 mox
455 1410 500 1450 in
533 1418 777 1452 serratnras
811 1418 851 1453 et
884 1413 1126 1464 marginem
1163 1415 1317 1454 baseos
1355 1415 1687 1469 integerrimum
1715 1420 1956 1457 transeunt.

166 1469 217 1509 In
254 1468 481 1510 Deutscbl.
516 1469 622 1511 flora
641 1471 681 1514 3.
716 1485 755 1525 p.
780 1472 894 1522 1128,
931 1485 1024 1512 cum
1062 1472 1143 1512 hac
1176 1473 1348 1525 specie,
1389 1488 1516 1528 quam
1549 1482 1637 1515 tum
1672 1475 1860 1515 nondum
1894 1474 1959 1514 vi-

164 1527 339 1578 deram,
386 1541 502 1568 nunc
534 1542 636 1569 vero
669 1530 924 1570 liberalitati
966 1528 1030 1570 Cl.
1067 1530 1228 1571 Friesii
1277 1531 1440 1583 debeo,
1492 1532 1538 1573 S.
1575 1534 1805 1574 latifoliam
1851 1547 1955 1574 con-

162 1586 275 1637 fudi,
311 1599 421 1640 quae
455 1586 673 1627 diversam
708 1587 843 1628 efficit
877 1589 1084 1641 speciem.
1150 1588 1194 1629 S.
1222 1591 1431 1631 scandica
1459 1590 1502 1631 in
1531 1591 1785 1641 Germania,
1822 1605 1957 1645 qnan-

162 1649 249 1686 tum
283 1646 401 1695 scio,
437 1644 662 1700 bucusque
695 1659 779 1686 non
814 1646 924 1686 lecta
960 1653 1039 1688 est.
1100 1648 1250 1688 Ariani
1284 1649 1432 1690 Hostii
1466 1650 1590 1705 Jacq.
1636 1650 1714 1705 fil„
1747 1651 1857 1691 forte
1901 1648 1957 1691 ad

162 1701 276 1744 hanc
308 1703 604 1756 referendam,
641 1705 832 1745 nondum
867 1705 972 1746 vidi.

277 1774 319 1817 4.
369 1775 415 1816 S.
451 1777 567 1816 ΑΒΙΑ
602 1775 800 1826 (Crantz.
836 1783 971 1818 austr.
1007 1778 1120 1821 fasc.
1142 1782 1181 1821 2.
1214 1793 1254 1834 p.
1273 1780 1363 1832 46.)
1401 1781 1537 1835 foliis
1581 1779 1954 1838 ovato-oblongis

163 1834 361 1875 ovatisve
396 1834 873 1889 duplicato-serratis,
919 1837 989 1876 vel
1033 1838 1231 1892 margine
1266 1841 1430 1879 minute
1473 1841 1630 1880 Iobatis
1676 1840 1844 1881 subtus
1886 1849 1955 1881 to·

161 1893 413 1943 menimis,
470 1893 732 1933 serraturis
784 1893 1007 1935 lobzcle'sve
1056 1910 1084 1934 α
1139 1897 1290 1937 medio
1337 1898 1451 1950 solii
1492 1899 1627 1939 basin
1670 1913 1834 1939 versus
1881 1900 1958 1939 de-

163 1951 508 2001 crescentibus,
560 1951 720 2005 petalis
756 1954 1022 2006 patentibus.
1056 1951 1113 2011 Τ).
1165 1955 1215 1994 ln
1262 1956 1408 2011 sylvis
1444 1957 1687 2008 montanis,
1740 1958 1783 1998 in
1829 1958 1955 2012 alpes

164 2009 419 2050 humiliores
462 2008 752 2050 adscendens.
816 2010 925 2050 Mai.
991 2012 1044 2051 D.
1095 2012 1135 2052 fl.
1159 2015 1199 2055 3.
1247 2028 1289 2068 p.
1323 2016 1421 2058 427.
1496 2015 1739 2072 Crataegus
1778 2016 1879 2057 Aria
1913 2035 1955 2060 α.

165 2067 212 2108 L.
247 2081 313 2121 sp.
335 2069 431 2110 681.
475 2075 513 2122 β.
561 2067 625 2108 Fl.
661 2081 778 2109 suec.
812 2083 852 2123 p.
881 2071 971 2113 167.
1035 2070 1143 2111 Aria
1177 2071 1304 2113 nivea
1338 2073 1462 2115 Host.
1497 2074 1542 2114 fl.
1578 2079 1671 2117 a.2.
1706 2090 1745 2130 p.
1767 2075 1807 2118 8.
1871 2075 1957 2116 To-

161 2133 351 2167 mentum
387 2126 577 2181 paginae
609 2127 836 2168 inferioris
880 2127 1120 2182 foliorum,
1167 2144 1283 2172 nunc
1316 2133 1520 2184 niveum,
1569 2147 1685 2175 nunc
1717 2134 1958 2187 cinereum,

162 2184 455 2226 characterem
500 2184 849 2242 distinguentem
893 2200 979 2228 non
1025 2189 1291 2245 suppeditat.
1353 2190 1527 2233 Baccae
1569 2193 1726 2234 rubrae
1768 2193 1840 2234 vel
1882 2192 1957 2234 fla·

160 2243 372 2285 vicantes.

275 2319 316 2360 5.
351 2315 397 2356 S.
433 2330 681 2358 LATIPOLIA
716 2315 864 2374 (Pers.
902 2333 1090 2377 synops.
1112 2324 1151 2365 2.
1185 2336 1222 2378 p.
1245 2324 1341 2374 38.)
1374 2323 1512 2378 soliis
1545 2323 1816 2370 lato-ovatis
1848 2323 1957 2366 sub·

163 2383 240 2416 tus
273 2377 550 2417 tomentost's
586 2378 785 2431 margine
820 2378 1019 2430 Iobatis,
1055 2380 1172 2421 [obis
1205 2382 1655 2435 triangulari-oratis
1691 2383 1956 2424 acuminatis

161 2434 369 2484 serratis,
421 2434 594 2486 infimis
626 2435 780 2476 tribus
810 2438 1071 2479 maioribus
1105 2440 1279 2493 patulis.
1313 2440 1374 2500 b.
1421 2441 1472 2481 In
1519 2442 1663 2496 sylvis
1711 2441 1952 2494 frondosis,

165 2490 271 2545 (auf
310 2491 386 2532 der
424 2491 684 2546 Ncndinger
725 2495 853 2536 Htihe
898 2497 966 2536 bei
1017 2497 1324 2554 Ludwigstlial
1369 2499 1427 2539 im
1471 2499 1953 2555 Wiirtembergischen,

160 2548 355 2603 Rbsler.)
402 2549 510 2590 Mai.
576 2550 820 2609 Crataegus
864 2555 1054 2596 latifolia
1100 2557 1222 2598 Lam.
1268 2557 1369 2598 dict.
1405 2563 1439 2599 l.
1486 2571 1526 2612 p.
1560 2558 1628 2600 93.
1694 2557 1742 2599 C.
1778 2559 1954 2599 dentata

159 2606 321 2649 Thuill.
359 2607 398 2648 fl.
434 2622 523 2663 par.
551 2613 584 2651 ί.
618 2608 717 2653 245.
781 2611 920 2654 Lobis
953 2614 1434 2668 triangulari-ovantis,
1484 2617 1652 2656 (luobus
1697 2615 1957 2670 posteriori-

158 2667 242 2708 bus
275 2666 391 2708 infra
427 2667 613 2708 medium
648 2668 745 2709 folii
779 2671 878 2711 sitis
913 2677 953 2712 et
985 2674 1178 2726 patulis,
1213 2687 1238 2715 a
1271 2672 1316 2714 S.
1345 2674 1553 2715 scandica
1587 2674 1746 2715 differt.
1800 2672 1958 2724 Venae

157 2731 375 2777 remotae,
422 2739 503 2767 nec
543 2727 652 2767 adeo
694 2728 1024 2783 approximatae
1065 2739 1194 2786 sunt,
1240 2747 1368 2788 quam
1413 2733 1459 2774 in
1504 2732 1553 2773 S.
1588 2733 1708 2774 Aria.
1781 2731 1956 2774 Barcae

157 2785 328 2825 rubrae.
1866 2791 1920 2832 G.

274 2858 314 2900 6.
374 2855 742 2900 S.·ronM1NAL1s
788 2858 985 2911 (Crantz.
1030 2866 1166 2904 austr.
1210 2877 1246 2919 p.
1271 2866 1361 2919 85.)
1402 2863 1726 2918 foliis-ovatis
1771 2864 1952 2917 Iobatis,

160 2913 323 2955 adultis
356 2917 563 2970 qlabris,
604 2918 723 2959 [obis
756 2920 1021 2960 acuminatis
1056 2921 1348 2976 inaequaliter
1388 2924 1597 2973 seii-atis,
1646 2922 1953 2978 inferioribus

156 2973 416 3015 maioribus
450 2977 716 3030 patentibus.
761 2974 913 3035 b.1n
959 2979 1102 3034 sylvis
1139 2983 1368 3023 montanis.
1435 2982 1542 3021 Mai.
1604 2981 1654 3020 D.
1700 2981 1801 3024 fl.3.
1849 2983 1950 3025 429.

158 3030 403 3084 Crataegus
438 3036 684 3075 terminalis
728 3035 780 3076 L.
815 3049 878 3089 sp.
902 3038 999 3080 681.
1063 3038 1189 3094 Jacq.
1224 3053 1262 3080 a.
1299 3046 1325 3081 t.
1349 3041 1444 3082 443.
1514 3039 1658 3093 Pyl'us
1702 3040 1953 3084 torminalis

159 3088 293 3130 Ehrh.
328 3091 451 3132 beitr.
478 3094 517 3135 6.
553 3106 592 3148 p.
614 3095 685 3139 92.
749 3093 919 3136 Baccae
952 3096 1131 3150 ovales,
1174 3098 1571 3140 testaceo-fuscae.

777 3193 829 3220 **
853 3195 981 3229 Petala
1003 3201 1136 3241 erecta,
1161 3207 1277 3231 rosea.

272 3280 310 3321 7.
346 3275 392 3318 S.
414 3276 848 3323 Cimmn-:Msssmnus
883 3282 1082 3334 (Crantz.
1118 3290 1252 3326 austr.
1281 3299 1320 3339 p.
1341 3287 1431 3333 83.)
1467 3285 1589 3328 foliis
1621 3286 1832 3343 ellipticis
1860 3287 1954 3328 lan·

155 3336 394 3378 ceolatisvc
428 3337 886 3393 duplicato—serratis
923 3343 1093 3399 glabris
1137 3344 1206 3385 vel
1250 3346 1407 3386 subtus
1449 3345 1738 3402 tomentosis‚
1777 3347 1955 3401 petalis
