2200 3525
158 166 478 206 flmmeum.
687 159 715 166 “
810 139 1297 198 COMPOSITAE.
1849 139 1947 188 457

162 325 265 355 num
299 309 676 363 authenticorum,
720 304 873 362 qualia
913 303 1106 348 nondum
1152 305 1274 360 vidi,
1319 304 1432 348 nihil
1474 302 1582 348 certi
1624 315 1678 346 ex
1717 300 1810 344 illis
1853 299 1949 399 egui

166 375 329 429 potest.
620 388 622 391 ·
1911 390 1920 400 .

280 456 352 500 30.
383 451 441 497 H.
460 462 750 494 putescens
785 448 992 502 (Waldst.
1020 453 1060 491 ct
1080 449 1171 491 Kit.
1203 449 1264 504 pl.
1299 464 1382 491 rar.
1415 450 1551 504 hung.
1584 462 1630 504 p.
1654 448 1752 491 241.
1783 449 1948 498 t.217.)

165 514 299 558 caule
343 509 661 565 corynzbisero
705 508 1084 564 bi-quadmfolio
1128 509 1262 561 apice
1301 508 1580 561 pedunculis
1619 505 1952 560 involucroque

165 567 522 618 canescentibus
551 566 838 622 pilosisque‚
868 566 980 621 pilis
1012 566 1301 620 simplicibus
1336 567 1466 608 canis
1499 566 1603 607 basi
1635 564 1784 618 atris,
1815 564 1953 618 soliis

164 628 348 686 ylaucis
381 620 580 683 ma'rgine
613 626 854 679 subtusque
887 625 1072 665 hirsutis
1106 625 1319 678 oblongsis
1354 625 1452 665 basi
1499 624 1752 679 angustatis
1798 622 1949 663 denta-

165 687 253 739 tis,
288 684 508 728 dentibus
541 685 707 725 baseos
735 683 1130 737 profundioribus
1161 691 1434 724 antrorsum
1469 683 1645 732 versis,
1680 681 1952 722 radicalibus

165 745 448 798 caulinisque
471 741 758 784 inferioribus
784 741 1022 797 petiolatis,
1048 755 1250 797 supremo
1273 741 1529 782 subsessili.
1555 737 1622 795 21.
1656 739 1706 781 In
1731 738 1952 792 Helvetia,

165 806 216 857 (a
249 800 536 844 Schleichero
567 801 738 850 habeo,
788 799 863 854 qui
905 799 991 841 loci
1034 799 1245 852 specialis
1279 798 1540 840 mentionem
1575 811 1660 838 non
1694 798 1856 849 tecit,)
1902 796 1950 837 in

164 861 290 903 horto
321 859 427 901 Jun.
447 860 596 916 -Aug.
660 857 850 899 Multum
883 858 1088 898 convenit
1121 870 1218 898 cum
1250 857 1307 897 H.
1344 855 1608 909 Schmidtii,
1655 854 1800 897 differt
1832 869 1957 911 prae-

166 920 298 976 cipue
329 918 535 974 corymbo
568 921 857 966 canescente,
891 928 973 956 nec
1008 915 1474 971 glanduloso-piloso.
1869 914 1926 954 H.

283 1008 352 1049 31.
386 1003 442 1046 H.
475 1014 704 1045 MURORUM
736 1001 815 1056 (L.
859 1001 953 1042 flor.
987 1014 1134 1054 suec.,
1184 1015 1236 1042 ex
1268 1001 1433 1055 optima
1474 1004 1624 1056 parte,
1669 999 1812 1041 Fries.
1855 1013 1955 1042 noir.

172 1063 240 1106 ed.
260 1067 301 1110 2.
339 1077 380 1118 p.
402 1062 528 1116 258.)
563 1061 696 1103 caule
727 1059 1026 1112 corymbifero
1059 1059 1329 1100 subunifolio
1362 1059 1495 1112 apice
1522 1056 1804 1112 pedunculis
1831 1059 1960 1099 invo-

167 1123 390 1177 lucroque
424 1118 761 1162 canescentibus
795 1117 1038 1172 hirtisque,
1069 1117 1180 1169 pilis
1213 1118 1456 1158 aterrimis
1487 1117 1850 1171 ylavzdaliseri.s·,
1874 1118 1957 1170 so-

167 1181 243 1222 liis
273 1178 504 1220 viridibus
535 1178 692 1217 subtus
727 1177 1014 1231 margineque
1057 1175 1266 1228 hirsutis,
1316 1175 1611 1216 radic-alibus
1652 1175 1806 1217 ocutis
1850 1175 1959 1216 sub-

172 1237 386 1281 cordatis
439 1235 660 1287 dentatis,
717 1234 936 1275 dentibus
992 1233 1160 1275 baseos
1212 1234 1607 1289 profundioribus
1663 1235 1959 1287 retroversis,

171 1295 358 1339 caulino
389 1293 580 1336 breviter
613 1292 818 1348 petiolato
851 1293 921 1333 vel
953 1292 1118 1334 sessili.
1146 1289 1214 1346 21.
1249 1291 1299 1333 In
1333 1293 1497 1346 sylvis,
1533 1292 1722 1334 collibus
1757 1292 1957 1344 incultis,

171 1354 323 1397 muris.
385 1351 645 1408 Jun.-Aug.
708 1351 973 1392 Praecocius
1006 1350 1130 1392 floret
1162 1350 1217 1391 H.
1252 1351 1450 1408 vulgato,
1484 1356 1524 1393 et
1557 1353 1764 1404 corymbo
1798 1350 1961 1391 divari-

171 1418 268 1456 cato
299 1413 352 1454 ab
385 1411 496 1463 hoc,
530 1415 702 1465 praeter
734 1410 847 1451 alias
880 1415 1024 1459 notas,
1060 1408 1222 1453 differt.
1256 1408 1320 1450 St.
1356 1410 1395 1449 h.
1412 1412 1482 1453 39.
1546 1409 1832 1450 Pulmonaria
1867 1410 1962 1463 gal-

174 1471 262 1514 lica
295 1482 404 1511 mas.
437 1468 728 1509 Tabernaem.
763 1469 871 1508 ktrb.
907 1481 947 1522 p.
965 1465 1066 1511 504.
1130 1467 1385 1508 Hieracium
1419 1481 1636 1509 murorum
1674 1468 1777 1508 Vill.
1814 1468 1957 1522 delph.

172 1532 215 1574 3.
262 1525 422 1584 p.124.
483 1525 625 1567 Fries.
671 1539 769 1567 nov.
816 1526 884 1567 ed.
905 1529 945 1569 2.
993 1540 1032 1582 p.
1050 1527 1149 1569 256.
1213 1525 1270 1566 H.
1306 1539 1524 1567 murorum
1568 1545 1607 1572 a.
1654 1525 1768 1567 Poll.
1811 1527 1962 1581 pal.2.

174 1589 339 1643 P.392.
385 1591 426 1627 et
458 1585 633 1626 multor.
670 1589 782 1626 auct.
845 1584 982 1625 Locis
1030 1584 1247 1625 umbrosis
1292 1590 1419 1625 enata
1463 1584 1570 1626 folia
1601 1582 1827 1626 'tenuioris
1863 1585 1967 1625 sub-

175 1647 367 1687 stantiae
430 1648 563 1699 sunt3
622 1641 663 1684 h.
707 1642 738 1685 l.
809 1642 867 1684 H.
910 1642 1179 1699 pellucidum
1234 1662 1276 1688 α.
1327 1642 1559 1686 Wahlenb.
1615 1655 1734 1685 suec.
1783 1657 1828 1699 p.
1863 1643 1964 1687 496.

177 1704 360 1746 variat:

297 1783 338 1834 β.
372 1773 689 1830 sylvaticum,
734 1772 858 1816 foliis
891 1773 992 1816 basi
1025 1773 1435 1826 inciso-dentatis,
1480 1773 1686 1814 dentibus
1728 1777 1968 1814 retrorsum

121 1852 127 1865 ·
176 1834 347 1876 versis:
409 1833 465 1874 H.
499 1845 720 1873 murorum
752 1840 794 1890 β,
829 1832 1095 1883 sylvaticum
1128 1831 1178 1873 L.
1212 1846 1275 1888 sp.
1307 1834 1429 1876 1128.
1478 1829 1586 1873 Poll.
1621 1831 1706 1885 pal.
1730 1835 1769 1873 2.
1802 1846 1841 1886 p.
1865 1833 1969 1875 392.

180 1892 466 1934 Pulmonaria
502 1891 664 1949 gallica
698 1890 799 1932 fem.
833 1890 1018 1932 Tabern.
1050 1891 1159 1932 krtb.
1193 1904 1234 1947 p.
1256 1891 1354 1935 504.
1389 1894 1504 1947 opt-3
1548 1892 1662 1946 (non
1694 1889 1752 1931 H.
1785 1891 1973 1947 sylvati-

180 1964 277 1996 cum
311 1950 514 2003 Gouan.,
551 1948 665 2003 quod
697 1949 870 2004 species
903 1948 1038 1990 mixta
1071 1948 1178 2003 est.)

295 2040 339 2083 y.
371 2021 717 2072 rotundatum,
771 2021 894 2062 foliis
926 2021 1199 2063 radicalibus
1231 2020 1331 2062 basi
1363 2019 1715 2076 paucidentatis,
1748 2021 1973 2062 exteriori-

181 2082 263 2124 bus
294 2081 496 2123 ovalibus
530 2080 678 2121 antico
710 2079 802 2121 fere
835 2080 1069 2121 latioribus
1113 2079 1728 2132 rotundato-obtusissimis,
1772 2079 1973 2121 interiori

179 2146 335 2191 acuto,
364 2138 560 2180 ‘caulino
605 2138 772 2178 minuto
816 2138 1009 2179 breviter
1050 2137 1292 2193 petiolatot
1355 2137 1411 2178 H.
1447 2138 1726 2179 rotundatum
1771 2138 1863 2179 Kit.
1897 2152 1969 2194 ap.

179 2197 348 2241 Schult.
382 2199 487 2238 δεῖν.
521 2195 562 2237 fl.
583 2199 624 2239 2.
657 2210 701 2251 p.
723 2196 823 2240 439.
884 2196 1087 2238 Varietas
1120 2197 1250 2238 valde
1283 2196 1612 2251 memorabilis,
1653 2197 1846 2238 fortasse
1877 2210 1974 2252 pro·

178 2257 278 2313 pria
309 2255 497 2310 species.
560 2254 769 2310 Tergesti
801 2255 912 2311 legit
944 2255 997 2296 cl.
1032 2254 1282 2297 Biasoletto
1314 2267 1572 2310 mecumque
1603 2254 1851 2311 specimina
1894 2269 1972 2296 no-

180 2314 298 2356 mine
329 2313 386 2354 H.
418 2312 682 2356 Lachenalii
716 2312 1072 2356 communicavit.

298 2416 372 2458 32.
417 2413 473 2455 H.
505 2425 701 2455 INCISUM
735 2413 908 2469 (Hopp.
943 2426 1012 2469 ap.
1048 2413 1113 2457 St.
1147 2413 1189 2454 h.
1208 2412 1308 2469 39.)
1353 2413 1486 2456 caule
1532 2413 1900 2468 l-pleiocephalo
1933 2417 1976 2457 et

182 2472 479 2528 corymbifero
520 2472 810 2526 subunifolio
844 2472 979 2524 apice
1006 2472 1287 2526 pedunculis
1319 2472 1651 2528 involucroque
1684 2473 1973 2514 canescenti-

185 2531 274 2574 bus
305 2531 556 2586 hir-lisque,
587 2530 698 2584 pilis
730 2531 1021 2584 simplicibus
1054 2530 1186 2571 canis
1217 2531 1323 2572 basi
1353 2530 1502 2582 atris,
1527 2530 1663 2584 soliis
1695 2531 1977 2586 glaucescen-

183 2591 303 2634 tibus
335 2591 493 2630 subtus
528 2588 814 2643 margineque
861 2588 1073 2638 hirsutis,
1122 2588 1392 2630 radicalibus
1440 2588 1660 2643 petiolatis
1705 2589 1861 2630 ocutis
1903 2589 1973 2631 vel

184 2646 564 2701 ovato-oblongis
599 2646 697 2686 basi
731 2646 900 2687 obtusis
943 2645 1222 2687 subcordatis
1271 2646 1490 2697 dentatis,
1543 2646 1761 2687 dentibus
1808 2646 1976 2688 baseos

181 2705 580 2763 profundioribus
604 2704 899 2758 patentibus,
934 2703 1119 2745 caulino
1150 2704 1341 2745 breviter
1362 2704 1569 2758 petiolato
1601 2705 1669 2746 vel
1703 2705 1867 2749 sessili.
1902 2702 1973 2759 21.

186 2766 240 2807 In
277 2765 452 2819 alpibus
484 2769 526 2805 et
559 2763 777 2803 montibus
811 2762 934 2817 alpes
980 2761 1330 2809 comitantibu53
1379 2762 1425 2802 in
1470 2764 1689 2804 montibus
1733 2765 1977 2819 gypsaceis

185 2823 438 2878 Hercyniae
482 2820 764 2876 (Wallroth.)
826 2819 1101 2875 ,lum—Aug.
1164 2818 1451 2861 Simillimum
1494 2820 1551 2862 H.
1597 2835 1850 2874 murorum,
1897 2820 1979 2863 sed

187 2881 412 2923 diversum
446 2880 569 2922 foliis
604 2879 858 2933 plerumque
889 2878 1300 2934 glaucescentibus,
1350 2880 1559 2933 corymbo
1593 2892 1677 2920 non
1713 2880 1980 2936 atro-glau-

188 2939 371 2990 duloso‚
424 2944 466 2981 et
505 2936 731 2980 involucri
761 2937 928 2979 foliolis
972 2936 1532 2991 attenuato-acuminatis3
1585 2950 1640 2979 an
1683 2937 1978 2980 nihilominus

191 2997 419 3039 varietas?

308 3099 380 3143 33.
413 3097 470 3138 Η.
497 3109 699 3138 nmmum
733 3095 926 3151 (Kitaib.
950 3109 1016 3151 ap.
1036 3095 1247 3137 Hornem.
1275 3095 1382 3137 hort.
1407 3095 1530 3142 hafn.
1550 3099 1589 3140 2.
1622 3109 1665 3152 p.
1685 3097 1809 3149 761.)
1843 3097 1978 3139 caule

194 3155 337 3208 bifido
369 3156 615 3210 diceplealo
647 3156 722 3197 vel
748 3155 1124 3208 bifido-ramoso
1161 3159 1201 3195 et
1235 3155 1526 3208 corymbifero
1559 3155 1685 3210 apice
1715 3155 1978 3211 pedunculis

193 3214 524 3269 involucroque
556 3213 913 3256 canescentibus
933 3214 1135 3269 pilisque
1159 3212 1450 3267 simplicibus
1475 3213 1607 3255 canis
1629 3213 1735 3255 basi
1756 3214 1879 3256 atris
1899 3213 1976 3255 ad-

195 3271 385 3326 spersis,
408 3272 542 3325 foliis
556 3272 966 3327 glauceseencibus
981 3272 1138 3314 subtus
1161 3270 1449 3328 margincque
1475 3271 1674 3325 hirsutis),
1701 3271 1974 3316 radicalibus
