2200 3525
130 140 411 177 aesinam.
774 114 1260 169 compostum.
1780 115 1904 165 *373

129 281 373 325 linearibus
413 280 641 334 ovatisque
684 275 948 318 acuminatis
992 277 1288 325 mucronatis,
1334 274 1470 316 rachi
1511 274 1699 327 inteqra
1741 271 1817 313 vol
1851 271 1900 313 in

129 343 251 396 apice
283 340 380 381 folii
411 338 693 385 subdentata,
739 333 943 374 dentibus
976 333 1189 387 integris,
1246 334 1454 386 corymbo
1489 330 1811 385 (incomposito,
1844 329 1900 370 Ιί-

134 400 252 454 gulis
285 397 514 438 involucro
545 393 727 434 dimidio
760 390 1050 441 brevioribus.
1083 387 1166 446 21..
1199 391 1247 432 ln
1283 392 1389 432 locis
1422 390 1624 440 incultis,
1668 389 1721 428 ad
1755 388 1904 442 sylva-¹.

129 469 222 498 rum
254 468 377 505 oras,
410 454 535 502 vias,
570 463 787 490 versuras.
848 448 1183 491 Jun.-autnmn.
1227 448 1293 489 St.
1331 450 1369 488 h.
1401 451 1469 491 10.
1534 447 1583 488 ln
1616 448 1709 488 uolo
1741 445 1897 501 pingui

128 514 293 564 maior,
326 511 434 552 folia
466 509 653 560 latiora,
684 506 892 561 pinnulae
924 510 965 546 et
997 505 1216 546 lacinulae
1248 507 1529 547 remotiores:
1572 508 1633 550 A.
1665 505 1900 556 sylvatica

132 571 320 621 Becker3
365 569 410 608 in
455 568 550 608 solo
592 567 739 620 aprico
783 564 974 619 rupestri
1017 564 1219 604 macriori
1263 565 1428 611 minor,
1475 563 1581 604 folia
1625 563 1898 617 angustiora,

128 628 312 670 laciniis
354 624 490 666 dense
534 623 785 679 congestis:
847 626 905 662 A.
950 620 1340 663 collinoeBecker.
1413 621 1563 662 Variat
1606 633 1730 675 porro
1778 618 1902 660 radio

131 686 259 737 albo,
293 696 511 738 purpureo
543 687 585 724 et
615 681 794 723 sordide
825 680 940 734 albo,
975 680 1042 721 vel
1068 678 1204 720 dilute
1225 679 1499 733 ochroleuco,
1536 678 1718 720 hirsutie
1740 678 1904 719 maiore

127 744 378 794 minoreve,
413 746 456 782 et
1019 763 1023 766 -
1306 745 1310 757 ¹

245 823 284 873 β.
318 820 561 866 crustata,
605 811 713 853 folia
756 815 969 866 angusta,
1013 808 1232 850 lacinulae
1262 808 1436 858 breves,
1471 807 1597 862 apice
1628 807 1903 849 incrassatae

130 878 173 915 et
219 871 568 927 cartilagineae:
632 870 683 909 A.
716 867 999 908 Millefolium
1057 875 1098 925 β.
1151 873 1343 907 crustata
1398 865 1536 906 Roch.
1590 866 1719 907 bann.
1769 880 1807 919 ρ.
1835 869 1903 909 71.

127 934 246 982 t.3t.
292 930 346 971 A.
379 930 534 969 scabra
566 928 693 970 Host.
728 940 764 967 a.
787 929 826 967 2.
862 939 903 980 p.
925 927 1023 966 512.
1072 925 1124 964 In
1159 924 1279 965 horto
1311 937 1333 964 e
1365 924 1532 964 semine
1563 929 1703 972 enata,
1737 923 1905 976 magni-

129 983 324 1030 tudinem
382 988 546 1029 formae
610 983 855 1041 sylvaticae
920 985 1150 1032 assecuta,
1217 981 1394 1037 vulgari
1449 980 1626 1036 plantae
1679 981 1904 1022 simillima

127 1047 245 1090 facta
277 1052 356 1088 est.
639 1063 643 1067 ¹
664 1060 670 1068 ’

244 1137 287 1179 y.
315 1119 524 1168 lanata,
565 1113 733 1156 ‘cautis'
769 1111 877 1154 folia
919 1115 961 1153 et
1007 1111 1240 1165 corymbos
1285 1108 1657 1159 lanato-villosa3
1713 1114 1903 1152 ceterum

127 1176 307 1220 formam
341 1176 567 1231 vulgarem
599 1172 744 1214 refert.
766 1194 817 1202 -—-
880 1170 929 1211 A.
962 1171 1108 1211 lanata
1141 1168 1260 1222 Spu,
1309 1168 1387 1224 (A.
1423 1182 1584 1226 magna
1617 1168 1750 1209 Willd
1772 1168 1814 1224 ,)
1847 1170 1902 1211 ab

129 1236 214 1278 hac
242 1233 388 1277 differt
420 1231 829 1284 circumscriptione
859 1228 1062 1270 foliorum
1097 1227 1265 1272 latiore.

245 1309 292 1352 δ.
325 1305 549 1355 sordida,
593 1303 774 1355 eadem,
815 1301 961 1343 minus
993 1304 1138 1351 tamen
1181 1298 1474 1356 lanuginosa‚
1517 1297 1684 1356 ligulae
1726 1297 1905 1345 sordide

128 1366 286 1408 albae:
349 1365 399 1405 A.
433 1361 689 1419 polyphylla
724 1359 940 1401 Schleich.

245 1455 280 1484 ε.
313 1435 564 1491 alpestris,
616 1433 831 1474 involucri
877 1431 1031 1473 foliola
1072 1430 1272 1487 margine
1312 1430 1402 1471 lato
1447 1429 1699 1471 atro-fusco
1742 1429 1902 1481 cincta,

127 1497 236 1538 folia
268 1496 521 1551 plerumque
553 1493 739 1542 tenuiter
771 1490 991 1540 dissecta,
1027 1488 1236 1530 inferiora
1269 1487 1622 1543 subtripinnata:
1672 1489 1721 1528 A.
1756 1488 1902 1528 Mille·

128 1556 281 1596 folium
316 1562 356 1611 β.
390 1550 595 1605 alpestris
629 1549 801 1589 Wimm.
836 1555 877 1589 et
911 1547 1043 1588 Grab.
1077 1547 1146 1588 sil.
1166 1549 1207 1590 2.
1240 1550 1280 1589 2.
1318 1547 1410 1589 169.
1452 1546 1508 1586 A.
1535 1559 1695 1601 magna
1728 1545 1901 1588 Haenk.

130 1613 178 1653 it.
200 1627 239 1666 p.
262 1614 355 1655 103.
404 1609 548 1653 Presl.
585 1607 702 1649 cech.
731 1621 771 1660 p.
797 1610 892 1650 172.
938 1607 986 1645 Α.
1011 1605 1281 1646 Haenkeana
1315 1604 1514 1648 Tausch.
1549 1604 1592 1644 in
1626 1603 1743 1644 Sieb.
1781 1603 1902 1645 herb.

131 1671 174 1710 fl.
208 1677 342 1713 austr.
376 1682 418 1708 n.
439 1669 536 1710 533.
599 1665 652 1706 A.
689 1664 884 1705 sudetica
919 1662 1062 1718 Opitz.
1124 1663 1170 1704 A.
1199 1663 1414 1703 dentifera
1447 1662 1688 1704 Reichenb.
1725 1661 1766 1702 fl.
1801 1675 1902 1704 exc.

130 1742 172 1783 p.
193 1730 286 1771 230.
346 1726 499 1766 Flores
533 1725 784 1779 plerumque
820 1722 1052 1777 purpurei,
1085 1721 1226 1761 rarius
1260 1721 1370 1771 albi3
1410 1720 1517 1761 haec
1548 1720 1791 1775 posterior:
1840 1719 1900 1761 A.

133 1786 294 1828 Seidlii
325 1784 469 1826 Presl.
505 1783 624 1824 cech.
658 1796 701 1836 p.
726 1782 831 1832 173,
865 1779 1044 1821 secund.
1075 1779 1255 1833 specim.
1291 1778 1588 1833 Opitzianum.

251 1864 284 1911 ζ.
328 1865 544 1906 semem,
598 1854 799 1894 foliorum
842 1851 1029 1892 laciniae
1071 1850 1200 1891 valde
1254 1856 1498 1906 angustae,
1550 1850 1717 1907 ligulae
1770 1863 1908 1905 supra

132 1917 432 1965 ochrolemae,
466 1914 619 1954 subtus
653 1912 791 1962 albae,
826 1908 1021 1964 capitula
1051 1909 1305 1964 plerumque
1338 1907 1517 1950 dimidio
1543 1910 1736 1963 minora3
1769 1908 1908 1950 herba

133 1976 319 2017 lanato-
347 1973 552 2016 hirsuta:
614 1971 665 2014 A.
708 1974 888 2010 setacea
928 1966 1042 2010 WK.
1084 1967 1144 2023 pl.
1187 1981 1220 2008 r.
1263 1966 1398 2024 hung.
1440 1972 1470 2008 t.
1500 1968 1570 2011 80.
1639 1965 1694 2010 A.
1728 1966 1908 2009 odorata

131 2031 354 2077 Schleich.

248 2102 314 2144 Ob
347 2100 514 2158 copiam
547 2101 780 2142 formarum
812 2096 1172 2139 intermediarum
1206 2097 1510 2147 characteres,
1559 2095 1719 2150 quibus
1765 2096 1906 2136 varie-

130 2168 244 2205 tates
277 2162 348 2203 hic
381 2166 657 2202 enumeratas
690 2165 896 2213 tanquam
929 2155 1134 2213 proprias
1170 2155 1352 2211 species
1395 2167 1706 2212 proponerem,
1752 2166 1905 2195 eruere

130 2235 216 2263 non
247 2220 383 2277 potui.

251 2309 320 2352 13.
353 2306 402 2348 A.
438 2315 623 2346 LANATA
656 2302 868 2360 (Spreng.
905 2305 1015 2355 syst.
1051 2314 1149 2358 veg.
1171 2302 1211 2343 3.
1246 2313 1285 2354 p.
1313 2299 1600 2354 601.)s0l1'1·s
1630 2299 1906 2340 lanato-vil-

133 2364 242 2406 losis
273 2365 342 2405 vel
380 2361 717 2417 glabriuscutis,
762 2361 960 2402 caulinis
1003 2358 1434 2410 circumscriptione
1475 2357 1686 2410 oblonyis
1727 2357 1908 2398 lanceo-

132 2424 300 2465 latis-ve
331 2420 698 2475 bipinnatifidt‘s,
728 2419 935 2472 pinnulis
968 2416 1429 2466 dentato-serratis,
1474 2416 1689 2455 dentibus
1729 2414 1904 2455 acumi-

133 2481 262 2523 natis
305 2479 621 2528 mucronum,
667 2477 802 2518 rachi
841 2477 999 2529 alata,
1032 2477 1263 2530 soliorum
1303 2473 1581 2526 inferiorum
1620 2472 1706 2513 snb
1745 2472 1904 2525 pinnis

138 2540 365 2589 dentata,
416 2537 619 2589 corymbo
663 2535 982 2589 decomposito,
1026 2534 1183 2587 ligulis
1224 2531 1453 2573 involucro
1486 2529 1667 2571 dimidio
1698 2529 1905 2571 breviori-

133 2595 231 2638 bus.
265 2594 331 2650 21..
367 2596 415 2636 In
449 2595 586 2648 pratis
619 2593 862 2644 montanis,
908 2593 1003 2646 (bei
1034 2586 1190 2634 Fiume
1221 2590 1278 2630 im
1313 2588 1507 2643 Gebirge
1539 2588 1681 2628 hinter
1712 2586 1903 2629 Kamen-

131 2656 223 2708 jak,
250 2653 384 2710 Noe)
410 2653 496 2693 Jul.
517 2653 625 2707 Aug.
659 2652 707 2690 A.
724 2652 870 2693 lanata
884 2649 1068 2705 Spreng.
1091 2649 1114 2690 Ι.
1133 2662 1167 2688 c.
1186 2645 1361 2687 secund:
1379 2646 1557 2700 specim.
1587 2646 1640 2686 ab
1661 2651 1836 2686 auctore
1856 2645 1903 2687 in

137 2713 337 2753 herbario
381 2708 530 2752 wind.
574 2709 656 2749 sub
701 2710 926 2752 n 16351.
997 2709 1050 2748 A.
1085 2719 1243 2762 magna
1284 2703 1433 2744 Willd.
1477 2704 1520 2744 in
1566 2703 1766 2744 herbario
1807 2704 1905 2746 eius

137 2773 218 2812 sub
251 2785 290 2811 n.
316 2770 466 2814 16354.
503 2767 574 2808 fot.
602 2769 621 2810 1
656 2771 695 2808 et
727 2769 794 2818 43
838 2766 914 2806 fot.
938 2769 962 2808 2
1003 2764 1176 2805 videtur
1207 2762 1396 2803 varietas
1427 2761 1726 2818 glabr-iuscula
1757 2761 1907 2802 Achil-

137 2830 231 2870 leae
280 2829 480 2874 lanatae3
532 2826 606 2866 fol.
637 2827 664 2867 3
712 2830 753 2865 et
794 2827 820 2865 5
863 2823 1158 2863 indubitanter
1201 2821 1254 2862 ad
1297 2821 1345 2860 A.
1378 2819 1718 2862 tanacetifoliam
1763 2819 1904 2871 traho,

139 2901 247 2940 quae
278 2887 516 2939 posterior,
565 2889 609 2924 ut
642 2897 693 2924 ex
726 2882 848 2924 brevi
883 2880 1173 2933 descriptione
1204 2878 1394 2920 Linnaei
1426 2877 1471 2918 in
1508 2890 1624 2931 spec.
1669 2878 1723 2931 pl.
1769 2866 1924 2932 p'atet,'

136 2958 238 2984 vera
273 2943 525 2985 binnaeana
557 2942 610 2981 A.
647 2955 805 2994 magna
840 2953 937 2979 esse
968 2938 1152 2980 videtur.
1184 2961 1240 2968 -
1302 2933 1485 2989 Species
1517 2937 1631 2977 inter
1662 2935 1903 2976 Achilleam

137 3001 419 3042 millefolium
452 3007 492 3041 et
525 2999 866 3041 tanacetifoliam
900 2996 1183 3046 intermedia,
1231 2994 1378 3040 habitu
1422 2993 1706 3048 posterioris,
1754 3006 1777 3033 a
1820 3006 1907 3047 qua

140 3058 286 3100 differt
333 3059 532 3113 pinnulis
581 3059 758 3112 parcius
801 3055 988 3098 dentatis
1034 3061 1074 3095 et
1115 3053 1234 3095 rachi
1279 3053 1481 3095 foliorum
1527 3051 1780 3092 inferiorum
1822 3052 1908 3094 sub

141 3117 289 3171 pinnis
342 3123 507 3157 tautum
550 3116 738 3157 dentata.
805 3114 874 3156 Ab
916 3115 966 3154 A.
998 3111 1233 3154 Millefolio
1275 3109 1417 3151 differt
1469 3108 1591 3149 soliis
1634 3108 1907 3152 radicalibus

141 3173 543 3227 circumscniptione
585 3174 716 3228 duplo
758 3173 1000 3213 latioribus.
1062 3168 1355 3212 Nihilominus
1397 3168 1700 3221 characteres,
1745 3165 1907 3226 quibu·

143 3233 196 3275 ab
227 3231 282 3274 A.
315 3231 612 3277 tanacetifolia
642 3233 759 3276 clare
791 3231 1120 3287 distinguatur,
1152 3240 1282 3284 aegre
1312 3225 1614 3279 inveniuntur,
1661 3271 1663 3273 ,
1770 3228 1774 3232 “
