2200 3525
245 98 343 146 444
894 93 1377 150 COMPOSITAE.
1712 121 2033 163 mmmmm.

243 257 283 298 h.
305 261 375 301 27.
437 255 591 297 Florcs
623 253 867 311 sulphurei,
903 256 1172 312 marginales
1205 260 1361 303 subtus
1394 260 1504 302 stria
1536 275 1772 317 purpurea.
1835 265 2031 323 Scapum

242 317 522 370 primarium,
569 319 654 354 tam
687 314 732 355 in
765 315 912 368 specie
944 317 1199 372 primitiva,
1247 333 1374 373 quam
1410 320 1453 359 in
1490 321 1808 378 varictatibus,
1855 339 2029 383 semper

241 373 494 424 indivisum,
528 384 750 426 nunquam
783 374 999 415 furcatum
1035 374 1152 430 vidi3
1188 389 1301 430 quae
1335 380 1379 418 in
1414 378 1634 419 licrbariis
1667 390 1900 425 occurrunt
1931 399 2031 441 spe·

240 431 397 471 cimina
429 431 624 480 furcata,
676 432 790 472 iuter
822 433 1015 473 stolones
1050 433 1284 489 florigeros
1330 437 1601 477 numeranda
1646 445 1764 482 sunt.
1829 440 2024 485 Stoloni-

240 489 319 528 bus
381 494 623 543 propagata
682 490 834 544 planta
903 505 1078 545 semper
1139 505 1296 546 scapos
1372 495 1658 537 secundarios
1726 497 1939 543 furcatos¹
1985 506 2027 544 et

236 559 457 599 nunquam
491 546 672 587 ulterius
703 548 958 602 primarium
993 549 1215 603 producit.
1280 551 1431 592 Variat
1474 553 1596 595 foliis
1643 554 1878 598 latioribus
1925 559 2024 601 obo-

234 605 378 655 vatis,
430 610 471 645 et
502 605 833 660 angustioribus
870 608 1159 661 lamentatis,
1208 610 1367 649 subtus
1401 623 1537 651 cano-
1571 613 1638 654 vel
1674 614 2025 660 albo-tomento-

233 664 329 714 sis,
365 663 507 703 rarius
541 664 745 718 utrinque
777 666 1032 706 tomentosis
1067 672 1108 706 et
1139 666 1350 721 insuper:

351 755 392 780 a.
425 736 622 790 vulfsare
664 736 882 778 Mounicr.
917 752 1005 781 ess.
1040 751 1081 792 p.
1108 740 1202 791 183
1245 739 1484 795 capitulum
1530 740 1703 793 minus,
1749 744 2023 789 involucrum

227 794 778 849 glanduloso-pilosum,
833 797 1028 837 stolones
1081 797 1304 855 elongati,
1354 804 1539 853 tenues,
1595 800 1706 842 folia
1761 805 1916 847 subtus
1961 812 2024 848 to·

224 858 435 894 mentesa.

346 935 386 984 β.
421 926 690 978 robustz’zcs,·
736 926 937 968 omnibus
982 928 1182 983 partibus
1229 930 1399 983 majus,
1445 932 1707 988 >plerumque
1751 935 1895 991 magis
1928 936 2018 979 hir-

225 989 400 1039 sutum,
434 987 672 1040 capitulum
707 988 865 1040 maius,
900 987 1176 1028 involucrum
1210 989 1315 1043 pilis
1349 991 1631 1045 simplicibus
1666 993 1897 1048 hirsutum,
1933 1001 2019 1036 sto-

223 1044 352 1085 lones
386 1045 582 1101 elongati
615 1044 820 1100 quidem,
868 1045 945 1086 sed
979 1046 1219 1102 conspicue
1252 1049 1521 1100 crassiores,
1565 1050 1676 1093 folia
1707 1053 1863 1094 subtus
1896 1054 2020 1095 albo-

224 1108 488 1145 tomentosa.
1659 1112 1662 1113 ⁷

344 1193 389 1235 y.
413 1177 750 1231 farinaceum5
782 1179 891 1221 folia
925 1179 1146 1235 utrinque,
1180 1178 1256 1221 sed
1289 1178 1446 1222 subtus
1480 1178 1682 1234 densius,
1716 1184 1831 1238 pube
1863 1185 2014 1227 stellu-

222 1234 616 1278 lata‘tomentosa:
679 1238 734 1277 H.
769 1236 981 1279 Pilosella
1026 1248 1065 1294 β.
1108 1239 1379 1281 farinaceum
1424 1239 1658 1298 Hornung.
1702 1242 1876 1285 herbar.
1951 1244 2010 1287 H.

222 1292 437 1335 Pilosclla
469 1303 512 1353 β.
548 1295 708 1336 incana
741 1295 836 1337 DC.
871 1297 912 1337 fl.
949 1298 1000 1337 fr.
1021 1300 1062 1339 4.
1095 1299 1222 1353 p.23.

340 1371 382 1413 δ.
412 1368 779 1421 pz’losissimum5
812 1369 1115 1425 magnitudine
1147 1370 1375 1412 varietatis
1403 1370 1723 1424 antecedentis,
1756 1370 1863 1426 pilis
1891 1371 2012 1414 elon-

220 1427 337 1481 gatis
391 1426 769 1478 hirsutissimum,
826 1428 1065 1483 capitulum
1109 1428 1214 1482 pilis
1259 1430 1407 1486 longis
1453 1429 1821 1483 villosissimum,
1869 1435 1915 1470 ut
1962 1431 2008 1472 in

219 1485 427 1526 Hieracio
478 1485 652 1539 alpino,
707 1486 862 1528 foliola
905 1487 1126 1528 involucri
1174 1486 1299 1542 apice
1343 1494 1763 1541 attenuato-acuta,
1814 1489 2009 1531 stolones

219 1545 388 1594 crassi,
440 1544 696 1585 abbreviati.
760 1543 944 1599 Species
987 1545 1408 1602 propria‘videtur,
1457 1545 1537 1587 scd
1585 1545 1863 1588 characteres
1908 1561 2009 1589 con-

219 1610 386 1645 stantes
429 1603 654 1656 bucusque
698 1603 900 1645 invenire
952 1618 1036 1645 non
1095 1605 1241 1659 potui:
1307 1605 1359 1645 H.
1398 1604 1720 1647 Pelcterianum
1757 1604 1920 1646 Merat.
1963 1606 2006 1647 fl.

217 1676 310 1717 par.
343 1676 382 1716 p.
405 1664 504 1704 305.
560 1660 649 1703 DC.
685 1662 724 1703 fl.
761 1663 813 1703 fr.
849 1663 991 1717 suppl.
1025 1677 1066 1718 p.
1088 1665 1193 1708 4377
1251 1664 1307 1704 H.
1344 1663 1556 1704 Pilosella
1590 1672 1629 1723 β.
1666 1662 1777 1705 ΡοΙΙ.
1812 1664 1945 1716 palat.
1966 1668 2005 1707 2.

217 1735 257 1774 p.
279 1723 377 1764 386.
441 1721 496 1760 H.
529 1718 740 1762 Pilosella
784 1720 834 1766 C.
879 1720 1202 1763 Peleterianum
1246 1722 1398 1763 Monn.
1446 1736 1532 1763 ess.
1579 1736 1621 1777 p.
1650 1724 1713 1765 18.
1787 1722 1846 1766 H.
1882 1721 2004 1763 Pilo-

217 1780 326 1819 sella
369 1787 395 1835 β
452 1779 770 1833 pilosissimum
806 1779 958 1821 Wallr.
1005 1781 1274 1825 schedium.
1353 1782 1450 1821 Hoc
1494 1779 1729 1835 praecipue
1772 1781 1817 1820 in
1861 1785 2006 1823 moute

215 1838 533 1893 Donnersberg
566 1838 802 1884 Palatinat.
838 1839 894 1879 ad
929 1839 1065 1880 Rhen.
1100 1845 1141 1881 et
1172 1839 1216 1879 in
1252 1853 1306 1881 m.
1341 1838 1554 1880 Holmcck
1588 1838 1877 1894 Vogesorum.

332 1929 368 1957 ε,
403 1911 778 1965 ι[[ῑἿιη[ἰξίῖονιιφη,·
821 1912 1060 1967 capitulum
1107 1912 1238 1965 duplo
1272 1912 1364 1953 fere
1396 1912 1567 1963 maius,
1613 1924 1741 1965 quam
1783 1911 1829 1952 in
1864 1912 2004 1954 forma

214 1970 418 2025 vulgari,
453 1970 723 2010 involucrum
759 1970 864 2025 pilis
900 1971 1110 2011 brevibus
1138 1963 1649 2027 glaiidiiloso-pilosiiui,
1685 1970 1877 2011 stolones
1907 1970 2002 2011 bre-

213 2042 318 2078 ves,
366 2029 633 2070 crassiores:
697 2029 753 2069 H.
788 2028 1002 2071 Pilosella
1045 2047 1090 2088 y.
1136 2028 1451 2085 grandiflorum
1484 2027 1580 2069 DC.
1627 2028 1669 2070 fl.
1713 2028 1770 2068 fr.
1789 2027 1833 2071 4.
1867 2043 1907 2084 p.
1927 2031 1998 2073 23.

212 2089 268 2129 H.
304 2086 442 2130 Pilos.
477 2086 541 2134 Β.ἡ
564 2087 753 2141 alpcstre
783 2086 936 2128 Monn.
972 2102 1061 2130 ess.
1096 2101 1136 2142 p.
1163 2089 1228 2131 18.

328 2166 363 2213 ζ.
397 2160 732 2214 I-Ioppianum5
777 2159 890 2201 idem
936 2174 986 2201 ac
1027 2160 1323 2212 antecedens,
1371 2158 1447 2201 sed
1493 2150 1646 2199 foliola
1678 2157 1895 2200 involucri
1929 2173 1999 2200 ex·

211 2219 373 2262 teriora
404 2219 838 2268 omli-lanceolata,
884 2219 979 2260 fere
1019 2224 1180 2273 ovata,
1227 2218 1572 2260 obtusiuscular
1620 2217 1674 2257 H.
1707 2216 2000 2272 Hoppcanum

211 2277 381 2320 Schult.
416 2284 545 2318 oestr.
578 2277 619 2317 fl.
642 2279 682 2320 2.
716 2291 758 2332 p.
782 2279 882 2323 428.
946 2277 1002 2319 H.
1037 2278 1411 2334 pilosellaeforme
1443 2276 1598 2331 Hoppe
1629 2274 1676 2316 in
1710 2274 1774 2316 St.
1808 2276 1936 2320 h.37.

305 2357 368 2410 v2.
419 2367 475 2407 Η.
509 2377 893 2410 sTOLoNIFLoaUM
939 2363 1152 2416 (Waldst.
1198 2364 1373 2407 ethit.
1417 2364 1476 2419 pl.
1525 2376 1609 2403 rar.
1658 2363 1792 2420 hung.
1836 2376 1878 2416 p.
1896 2365 1994 2407 303.

204 2428 357 2471 t.273.
391 2425 551 2480 1812.)
593 2438 739 2477 scapo
782 2423 1068 2475 subunifolio
1099 2421 1595 2476 furcata-cliceplzalo
1647 2421 1721 2462 vel
1773 2423 1993 2474 repetito-

192 2482 896 2538 ιᾒινσαΐο-ΐνί-ρῖεκίηέρῖιανῖο,
946 2481 1207 2536 pedunculis
1241 2481 1457 2536 elongatis
1502 2478 1689 2532 erectis,
1743 2480 1991 2521 stolonibus

202 2544 435 2600 prostratis
467 2541 696 2585 sterilibus
738 2539 1076 2598 florigerisque,
1126 2540 1196 2584 his
1243 2539 1613 2585 adscendentibus
1659 2537 1987 2591 monoccpbalis

201 2603 273 2644 vel
308 2600 861 2656 furcato-pleiocepbalis,
896 2599 1137 2640 involucro
1170 2598 1274 2639 basi
1308 2597 1599 2649 ventrio-oso,
1626 2596 1835 2649 floribus·
1867 2608 1991 2636 mar·-

199 2661 439 2716 gqinale'bus
471 2660 809 2710 discoloribus,
861 2658 985 2699 foliis
1032 2656 1253 2698 viridibus
1295 2654 1776 2698 obovato-lanceolatis
1822 2658 1987 2694 setoso-

199 2720 366 2776 pilosis
395 2719 552 2760 subtus
584 2720 700 2774 pube
728 2718 953 2759 stellulata
977 2729 1133 2769 sparsa
1155 2714 1592 2757 subcanescentibus.
1617 2709 1682 2766 ΖΙ..
1720 2712 1772 2751 In
1798 2712 1984 2772 pascuis

198 2778 445 2827 montanis,
491 2777 602 2818 locis
648 2776 842 2818 herbidis
887 2775 1099 2826 incultis,
1145 2774 1217 2830 (in
1250 2774 1489 2823 Biihmens
1521 2769 1718 2820 Tausch3
1757 2769 1985 2811 zwischen

200 2836 452 2878 Darmstadt
488 2851 529 2876 u.
564 2836 747 2891 Langen
784 2835 839 2874 irn
873 2832 1138 2874 Rheinthale
1170 2846 1254 2873 von
1291 2834 1372 2873 mir
1404 2831 1539 2872 selbst
1572 2828 1855 2884 gesammelt,
1908 2842 1981 2869 wo
2011 2861 2018 2871 ,

200 2897 303 2937 aber
343 2895 414 2935 die
446 2892 768 2938 Pflanzesehr
810 2892 1002 2948 sparlich
1047 2889 1265 2946 vorkam.)
1315 2890 1539 2930 Mai-Jul.
1605 2886 1770 2926 Floras
1813 2886 1980 2937 citrini,

200 2953 491 3006 mim-qinales
518 2954 687 2995 subtus·
719 2952 841 2993 stria
870 2963 1130 3004 purpurea.
1193 2948 1353 2989 Planta
1385 2948 1487 2988 viva
1520 2943 1731 2986 facillime
1764 2943 1984 3000 dignosci-

200 3021 270 3050 tur
302 3012 357 3051 sb
392 3012 595 3052 omnibus
628 3011 921 3051 varictatibus
954 3009 1009 3047 H.
1043 3006 1300 3058 Pilosellae,
1334 3006 1596 3053 involucro,
1631 3003 1865 3056 praecipue
1898 3004 1986 3044 fru-

197 3070 377 3122 ctifero,
413 3070 509 3111 basi
544 3069 768 3110 evidenter
800 3066 1080 3114 ventricoso,
1115 3078 1227 3118 quac
1260 3077 1363 3104 vero
1397 3068 1526 3112 nota,
1579 3060 1692 3114 quod
1728 3060 1978 3113 dolendum,

196 3127 242 3169 in
275 3128 425 3182 planta
457 3128 581 3169 sicca
614 3134 656 3168 ct
688 3138 937 3180 compressa
970 3122 1093 3178 perit.
1156 3120 1406 3169 Varietatcs
1440 3120 1660 3162 notabiles
1689 3123 1774 3159 tam
1808 3119 1853 3160 in
1887 3121 1976 3174 syl-

196 3186 362 3234 vestri,
421 3198 546 3238 quam
592 3186 636 3226 in
681 3186 796 3226 culta
839 3185 988 3237 planta
1030 3179 1219 3221 nondum
1254 3179 1363 3219 vidi.
1397 3203 1453 3208 -
1514 3178 1770 3218 Hieracium
1823 3177 1974 3234 flagel—

196 3245 288 3289 lare
321 3241 473 3285 Willd.
506 3258 574 3286 en.
607 3243 748 3300 suppl.
781 3257 822 3299 p.
844 3241 942 3296 54„
987 3238 1226 3282 secundum
1269 3236 1610 3294 descriptionem
1643 3234 1697 3276 ad
1741 3235 1977 3279 varietates

211 3417 230 3433 N
