2200 3525
811 106 1298 164 COMPOSITAE.
1846 113 1943 162 375

158 276 231 319 bei
261 273 585 320 Monfalcone.)
616 269 706 312 Jul.
741 267 860 324 Aug.
904 267 959 310 A.
993 269 1170 311 odorata
1201 269 1322 312 DQ!
1361 270 1400 311 ss.
1435 270 1488 311 fr.
1511 272 1555 314 5.
1587 267 1743 324 p.486.
1787 269 1940 313 Cauiis

153 334 399 391 palmaris,
446 329 645 386 pedalis,
691 341 789 368 raro
820 326 964 370 altior.
1024 328 1178 370 Flores
1211 328 1386 370 sordide
1420 328 1510 370 albi
1555 329 1623 370 vcl
1665 328 1936 374 ochroleuci.

158 393 332 434 Similis
364 391 415 430 A.
450 386 612 438 nobili,
637 385 721 426 sed
755 384 862 426 folia
895 384 1071 426 caulina
1103 387 1514 441 circumscriptione
1546 387 1831 443 angustiora,
1867 399 1936 427 ra-

156 451 252 494 cbis
285 461 370 489 non
404 446 597 494 dentata,
633 449 673 484 et
705 443 865 496 pinnae
897 442 1132 496 primariae
1166 444 1366 498 utrinque
1399 444 1598 498 pinnulis
1627 458 1702 487 scu
1731 444 1937 486 dentibus

155 507 262 551 3-4
303 504 492 559 integris
536 501 604 542 vel
650 500 778 541 dente
821 499 951 542 unico
994 506 1159 542 tantum
1214 502 1452 543 instructae
1495 509 1623 557 sunt3
1681 502 1726 543 in
1769 503 1819 542 A.
1865 515 1940 544 no-

157 566 240 607 bili
281 563 428 604 rachis
470 558 773 601 multidentata
815 563 906 610 est,
956 563 998 599 et
1038 559 1201 613 pinnae
1244 561 1481 614 primariae
1524 560 1721 615 pinnulis
1763 561 1935 615 praedi-

155 629 226 665 tae
267 625 369 663 sunt
412 619 618 672 utrinque
657 618 780 667 4-5‚
825 629 1007 670 quarum
1056 617 1244 657 maiores
1289 618 1442 660 iterum
1491 621 1586 662 5-7
1633 618 1847 661 dentatae.
1881 641 1934 649 —-

156 679 359 722 Occurrit
392 678 474 719 sub
518 676 693 717 nomine
723 679 785 715 A.
819 675 1068 727 liqzcsticae
1099 675 1216 728 All,
1263 675 1339 716 sed
1387 676 1492 717 haec
1534 676 1661 717 habet
1704 676 1809 718 folia
1851 677 1936 719 cir-

156 736 496 791 cumscriptione
539 734 722 785 latiora,
772 734 922 774 racbin
969 733 1194 774 evidenter
1238 733 1482 784 dentatam,
1532 733 1736 775 dentibus
1788 734 1937 791 longis

153 808 287 852 saepe
318 794 473 836 iterum
503 791 865 842 bi-tridentatis,
900 796 941 831 et
971 790 1016 832 in
1049 791 1206 845 quavis
1238 793 1371 833 axilla
1404 792 1587 832 densum
1620 792 1821 833 foliorum
1855 794 1936 834 mi-

155 867 311 896 norum
352 851 640 901 fasciculum,
693 850 768 904 qui
814 849 858 889 in
900 848 957 889 A.
992 849 1171 891 odorata
1214 854 1286 890 aut
1327 851 1460 905 plane
1492 848 1767 892 desideratur
1797 857 1869 891 aut
1912 865 1937 892 e

155 901 315 968 paucis
342 915 507 952 tautum
539 909 661 951 foliis
693 907 958 962 compositus
991 912 1071 947 est.
1136 906 1203 947 Ab
1238 909 1291 947 A.
1325 907 1465 948 nobili
1496 907 1590 959 illa,
1622 908 1679 947 A.
1706 909 1933 964 ligustica,

157 984 209 1012 eo
242 969 414 1021 differt,
458 966 572 1022 quod
604 966 764 1021 pinnae
795 963 1032 1019 primariae
1067 965 1270 1018 utrinque
1301 970 1389 1006 tres
1423 969 1588 1006 tantum
1621 966 1690 1006 vel
1724 968 1852 1007 etiam
1887 968 1935 1008 in

153 1029 292 1070 latere
323 1026 564 1082 posteriore
598 1028 782 1078 quatuor
813 1021 1023 1076 pinnulas
1057 1027 1208 1064 acutas
1242 1023 1473 1079 integras,
1515 1022 1656 1064 rarius
1690 1023 1817 1065 deute
1851 1038 1936 1067 uno

152 1086 351 1130 tribusve
383 1086 621 1126 instruct-as
636 1115 652 1136 ,
684 1084 859 1137 gerunt.
1847 1081 1905 1125 G·

266 1185 338 1229 34.
407 1179 732 1226 ANTHEMIS
766 1179 843 1235 (L.
877 1193 977 1237 gen.
1008 1178 1197 1236 n.645.)
1233 1180 1510 1223 Involucrum
1540 1181 1937 1238 hemisphaericum

151 1243 224 1287 vel
255 1241 607 1300 planiusculum,
640 1239 930 1282 imbricatum.
991 1237 1148 1280 Flores
1181 1239 1292 1284 disci
1319 1240 1692 1295 hermaphroditi,
1727 1241 1936 1294 tubulosi,

151 1316 242 1348 cor.
285 1301 559 1352 ecalcarata‚
603 1297 709 1340 tubo
751 1298 1207 1353 plano-compresso,
1253 1297 1444 1349 bialato,
1499 1298 1633 1340 limbo
1675 1301 1700 1342 5
1734 1298 1939 1354 dentat03

150 1361 280 1403 flores
306 1357 578 1415 marginales
602 1356 800 1407 feminei,
835 1355 1096 1410 quandoque
1120 1356 1313 1409 steriles,
1337 1356 1533 1411 ligulati,
1565 1357 1708 1413 ligula
1732 1357 1937 1414 oblonga.

148 1418 396 1461 Achenium
428 1416 646 1458 exalatum
679 1415 749 1456 vel
781 1421 970 1470 auguste
1002 1415 1164 1455 alatum
1196 1414 1533 1466 subcouforme,
1581 1428 1723 1470 pappo
1755 1415 1940 1457 destitu-

149 1483 271 1528 tum,
316 1475 517 1532 margine
558 1474 658 1529 plus
704 1472 906 1513 minusve
946 1472 1194 1527 prominulo
1238 1472 1533 1519 terminatum,
1595 1473 1937 1529 Receptaculum

149 1535 417 1592 paleaceum.
449 1554 508 1564 —
565 1531 755 1588 Ligulae
786 1530 1010 1582 omnium,
1046 1535 1227 1587 excepta
1256 1531 1310 1572 A.
1346 1531 1578 1583 tinctoria,
1613 1532 1753 1577 albae.

279 1634 310 1676 §.
336 1637 365 1666 l.
410 1632 542 1666 Paleae
579 1632 806 1668 lanceolatae
831 1631 889 1663 vel
919 1631 1121 1674 oblongae,
1154 1632 1432 1675 integerrimae,
1465 1633 1502 1663 in
1537 1641 1746 1671 mucronem
1781 1632 1936 1673 rigidum

151 1682 372 1711 contractae.

179 1734 205 1762 *
230 1733 511 1778 Receptaculum
535 1730 810 1781 convexumyel
831 1730 1241 1774 subhemisphaericum.
1286 1731 1449 1765 Achenia
1467 1735 1915 1775 tetragono-compressa,

665 1775 861 1817 ancipitia,
886 1776 1048 1817 margine
1071 1781 1201 1818 argnto
1227 1780 1413 1810 coronata.

270 1869 304 1909 1.
336 1864 389 1906 A.
415 1873 656 1905 ‘rmcroma
683 1859 758 1917 (L.
784 1874 848 1916 sp.
872 1859 1024 1916 1263.)
1055 1860 1179 1903 foliis
1210 1861 1559 1917 pubescentibus
1591 1862 1934 1918 bipinnatifidis‚

151 1923 272 1966 rachi
317 1922 523 1972 dentata,
567 1919 776 1974 pinnulis
815 1920 1096 1974 pectinatim
1141 1921 1386 1974 dispositis
1427 1922 1656 1972 serratis,
1700 1921 1937 1963 serraturis

150 1979 445 2034 mucronatis,
499 1978 797 2032 receptaculo
840 1977 1333 2032 subhemisphaerico,
1375 1980 1528 2032 paleis
1571 1980 1845 2021 lanceolata*
1887 1981 1936 2021 in

149 2052 419 2082 mucronem
449 2037 657 2093 rigidum
690 2036 1003 2089 acuminatis,
1042 2036 1244 2079 acheniis
1275 2044 1502 2094 tetragono
1521 2063 1532 2069 -
1555 2038 1826 2093 compressis
1861 2052 1935 2078 an-

147 2104 279 2155 guste
332 2096 465 2139 alatis
522 2095 726 2148 utrinque
780 2094 1146 2150 quinquestriatis
1203 2096 1403 2151 margine
1450 2102 1606 2153 arguto
1664 2098 1933 2150 terminatis,

148 2156 306 2212 ligulis
347 2155 580 2197 diametro
625 2154 937 2194 mansuer-sali
980 2154 1100 2195 disci
1143 2154 1337 2195 dimidio
1370 2154 1480 2208 fere
1521 2155 1827 2200 brevioribus.
1862 2152 1932 2207 Ζι.

148 2215 202 2258 In
234 2213 398 2271 apricis
429 2213 580 2263 siccis,
614 2212 940 2262 (stellenweise
972 2211 1054 2254 dch
1087 2211 1128 2253 d.
1164 2227 1204 2269 g.
1241 2212 1438 2266 Gebiet.)
1469 2211 1561 2258 Jul.
1589 2215 1705 2269 Aug.
1739 2213 1806 2253 Fl.
1831 2212 1932 2255 dan.

149 2273 247 2319 741.
306 2271 463 2313 Flores
494 2270 629 2324 lutei3
662 2270 834 2311 variant
865 2270 1093 2326 sulphurei
1127 2276 1168 2312 et
1199 2285 1287 2313 sec.
1322 2272 1361 2312 b.
1395 2271 1689 2314 Bieberstein.
1724 2272 1827 2312 albi.

260 2347 305 2389 2.
349 2344 400 2385 A.
434 2342 728 2384 Tmumrmm
761 2343 864 2395 (All.
898 2342 1023 2385 misc.
1056 2348 1194 2394 taur.,
1229 2343 1343 2386 conf.
1377 2342 1420 2385 fl.
1455 2342 1551 2398 ped.
1574 2347 1610 2385 1.
1644 2344 1824 2398 p.187.)
1868 2343 1932 2384 fo-

147 2402 221 2444 liis
253 2401 594 2457 pubescentibus
628 2400 975 2453 bipinnatifldis,
1009 2400 1133 2442 rachi
1167 2401 1368 2455 dentata,
1410 2401 1622 2455 pinnulis
1650 2401 1932 2454 pectinatim

149 2459 392 2512 dispositis
423 2458 738 2509 summram,
785 2459 1023 2500 serraturis
1050 2460 1335 2510 mucronatis,
1370 2459 1668 2513 receptaculo
1699 2458 1931 2500 sublzemi-

148 2518 425 2572 sphaerica,
471 2517 621 2569 paleis
663 2517 938 2558 lanceolacis
981 2517 1030 2558 in
1072 2531 1341 2558 mucronem
1375 2518 1583 2572 riqidum
1625 2516 1928 2570 acuminatis,

147 2575 910 2630 acheniistetragono-compressis
949 2580 1135 2631 anguste
1180 2575 1311 2616 alatis
1356 2577 1562 2630 utrinque
1605 2574 1931 2629 quinqucstria-

144 2636 203 2676 tis
271 2634 473 2689 margine
530 2637 685 2687 arguto
755 2633 1001 2674 terminatis
1030 2663 1044 2686 ,
1121 2632 1277 2686 liqulis
1340 2633 1626 2676 diametrum
1690 2641 1930 2674 transver-

147 2693 294 2735 salem
335 2691 454 2734 disci
496 2685 821 2744 aequantibus.
855 2688 925 2748 Q
970 2691 1021 2730 Iu
1067 2690 1286 2731 montibus
1329 2703 1422 2743 reg.
1473 2691 1633 2742 calid.,
1683 2691 1767 2740 (im
1801 2689 1928 2734 Cant.

143 2749 333 2802 Tessin‚
378 2750 423 2790 in
469 2748 509 2792 d.
543 2747 750 2789 Waldern
787 2748 862 2789 des
895 2748 1044 2790 Monte
1077 2748 1303 2790 Generoso
1347 2748 1572 2790 zwiscbcn
1621 2747 1845 2805 Codelago
1884 2762 1928 2800 u.

143 2809 255 2864 Alpe
288 2809 329 2851 di
363 2808 562 2858 milano,
597 2806 770 2858 Gaud.)
811 2805 902 2848 Jul.
934 2807 1048 2861 Aug.
1095 2808 1145 2847 A.
1179 2807 1406 2862 rigescens
1441 2806 1594 2848 Willd.
1626 2808 1745 2852 icon.
1779 2807 1820 2848 h.
1857 2807 1928 2848 be-

145 2868 222 2907 rol.
256 2875 283 2909 t.
310 2869 380 2912 62.
425 2866 527 2907 ΜΒ.
561 2871 669 2906 taur.
703 2878 826 2907 cauc.
848 2867 889 2908 3.
923 2868 963 2920 p.
986 2867 1083 2909 582.
1135 2863 1187 2906 A.
1220 2865 1453 2907 caucasica
1484 2864 1693 2906 Hornem.
1732 2865 1772 2906 h.
1805 2864 1927 2908 hafn.

146 2938 187 2978 p.
212 2926 309 2968 832.
350 2926 405 2965 A.
435 2923 660 2966 austriaca
691 2921 785 2964 DC.
821 2923 864 2967 fl.
899 2923 952 2964 fr.
971 2924 1010 2967 4.
1045 2937 1085 2978 p.
1110 2925 1207 2967 206.
1270 2924 1319 2963 A.
1353 2924 1558 2965 tinctoria
1592 2931 1633 2982 β.
1668 2922 1927 2975 Triumfetti

145 2982 196 3022 L.
232 2997 297 3037 sp.
326 2984 450 3027 1263.
513 2981 866 3024 Cliamaemelum
899 2981 1153 3023 Triumfetti
1195 2981 1281 3022 All.
1315 2981 1415 3036 ped.
1451 2982 1481 3022 l.
1522 2994 1559 3023 c.
1605 2982 1784 3033 excluso
1826 2994 1927 3037 syn.

143 3039 366 3095 Jacquini.
401 3041 648 3093 (Anthemis
682 3039 900 3081 austriaca
931 3039 1058 3096 Jacq.
1095 3042 1208 3082 inter
1238 3046 1412 3098 segetes
1445 3037 1632 3095 crescit,
1686 3053 1828 3095 neque
1875 3038 1926 3092 in

143 3099 311 3153 apricis
342 3099 544 3150 saxosis,
580 3104 625 3140 ut
654 3099 838 3140 Allionii
870 3098 1056 3154 planta.)
1833 3096 1893 3145 H.

256 3171 300 3214 3.
351 3167 404 3210 A.
438 3183 690 3213 AUSTRIACA
725 3171 876 3225 (Jacq.
910 3170 952 3212 fl.
986 3174 1120 3212 austr.
1142 3172 1181 3213 5.
1214 3185 1254 3226 p.
1270 3173 1339 3213 22.
1371 3173 1400 3211 t.
1422 3168 1549 3222 444.)
1594 3168 1716 3212 foliis
1747 3168 1926 3224 luffiugi-

144 3228 638 3285 noso-pubescentibus
669 3228 1023 3286 bipiuuatifidis,
1068 3227 1190 3271 rachi
1234 3227 1434 3281 dentata,
1478 3227 1687 3290 pennulis
1715 3227 1929 3283 pectina-
