2200 3525
177 156 429 195 MBNmA·
892 128 1277 207 LAsslATAE.
1888 127 1982 173 551

170 302 260 345 bus
293 301 472 355 calycz‘s
504 297 666 339 lineari
686 294 942 346 -setaeeis,
967 293 1225 346 fructiferi
1252 289 1490 346 porrectis
1522 286 1720 338 striatis,
1745 283 1880 339 solii-s·
1904 296 1982 336 pe-

178 362 363 403 tiolatis·
393 357 549 400 ovaeis
586 354 784 396 serratis.
820 350 891 405 21..
927 352 993 392 Ad
1029 354 1175 391 fossas
1211 359 1250 390 et
1284 351 1419 405 ripas,
1483 346 1571 388 Jul.
1607 346 1718 401 Aug.
1788 343 1837 384 D.
1875 341 1916 383 fl.
1938 343 1981 385 4.

177 422 281 466 248.
343 417 410 459 Μ.
457 415 665 470 aquatica
694 411 972 466 -sylvestris
1017 409 1134 463 Mey.
1179 408 1315 450 clilor.
1362 408 1455 451 bor.
1500 417 1542 459 p.
1567 406 1665 448 289.
1745 399 1874 442 Folia
1913 399 1978 439 M.

181 477 445 532 aquaticae,
481 473 635 527 spicae
670 471 731 510 Μ.
768 469 1040 523 sylvestris,
1076 466 1153 508 sed
1187 466 1454 517 crassiores,
1489 464 1677 504 fortasse
1708 457 1896 515 hybrida
1928 471 1982 497 cx

179 536 412 577 ambabus.
480 531 606 571 Folia
641 530 825 569 hirsuta.
890 527 1042 567 Variat
1075 531 1217 566 autem
1253 524 1375 564 foliis
1408 523 1562 563 subtus
1595 520 1741 561 laxius
1790 516 1979 558 hirsutis

179 598 222 634 et
251 591 495 646 praecipue
529 589 574 629 in
610 588 736 628 venis
774 592 940 626 tantum
976 584 1159 639 pilosis:
1206 583 1269 622 Μ.
1304 581 1418 622 hirta
1450 578 1631 622 Willd.!
1666 591 1733 618 en.
1767 575 1806 617 h.
1842 574 1978 616 berol.

176 652 217 694 2.
250 652 381 703 608.;
416 654 547 701 atque
581 646 704 686 foliis
739 646 901 685 subtus
935 642 1119 684 densius
1153 640 1336 695 pilosis,
1371 640 1477 693 pilis
1511 637 1746 691 crispulis:
1809 633 1871 675 M.
1901 645 1979 687 pu-

181 709 370 750 bescens
405 706 585 753 Willd.!
623 706 651 746 l.
684 717 752 759 c.;
800 703 891 744 vidi
936 701 1185 758 specimina
1226 697 1479 741 authentica
1523 693 1795 738 collectionis
1827 691 1979 790 reggio

175 765 500 808 berolinensis.

293 881 335 925 4.
381 880 439 922 M.
475 892 692 922 mrem-ra
729 876 808 933 (L.
843 891 909 931 sp.
929 875 1057 930 805.)
1103 874 1248 928 spicis
1289 865 1828 926 oblovzyo-cylindricis,
1879 865 1975 905 bra-

177 941 289 984 cteis
322 940 630 994 superioribus
667 935 946 986 lanceolatis,
986 934 1208 975 dentibus
1242 930 1419 983 calycis
1448 923 1975 974 lanceolam-subulatis,

169 999 424 1056 fructiferi
466 997 730 1050 porrectis,
789 995 890 1034 tubo
936 993 1134 1041 sulcato,
1185 991 1320 1044 soliis¹
1362 986 1606 1042 petiolatis
1649 983 1862 1036 oblongyis
1907 982 1977 1022 vel

178 1057 563 1109 ovato-oblongis
603 1053 798 1095 serratis.
845 1049 914 1103 ZL.
961 1050 1028 1090 Ad
1073 1051 1230 1104 ripas,
1271 1049 1343 1101 (in
1376 1044 1640 1087 Oberbaden
1676 1056 1745 1083 am
1781 1041 1976 1081 Memm-

176 1116 290 1158 bach
337 1116 405 1156 bei
450 1113 698 1154 Mublheim
743 1109 869 1150 beide
903 1109 1128 1157 Aban-ten,
1179 1107 1251 1147 die
1281 1105 1449 1149 Vana.
1483 1102 1600 1144 auch
1644 1100 1690 1142 in
1722 1099 1860 1157 Tyr-ol
1906 1097 1978 1140 bei

178 1172 437 1229 Kufstein.)
472 1172 561 1213 Jul.
595 1174 709 1225 Aug.
745 1170 798 1208 D.
834 1168 874 1208 fl.
900 1165 939 1210 4.
974 1179 1015 1222 p.
1039 1168 1137 1210 250.
1202 1163 1383 1211 Variat:

290 1261 334 1288 α.
368 1244 576 1299 Larzqii,
610 1242 840 1284 simillima
873 1239 1111 1297 sequenti,
1142 1237 1328 1292 copiose
1359 1235 1407 1285 in
1443 1234 1584 1275 hortis
1618 1229 1979 1288 pharmacopola-

177 1320 273 1350 rum
319 1305 489 1356 cultae,
554 1317 579 1344 a
626 1315 713 1356 qua
764 1305 938 1356 praeter
983 1296 1318 1352 pubescentiam
1368 1294 1494 1335 nulla
1538 1291 1628 1333 alia
1668 1297 1772 1332 nota
1814 1288 1977 1332 differt.

185 1364 342 1407 Caulis
375 1364 520 1413 enim,
567 1361 751 1416 petioli,
794 1357 904 1400 folia
936 1359 1120 1409 subtuS,
1166 1354 1372 1410 pedicelli
1407 1360 1448 1394 et
1481 1351 1656 1404 calyces
1689 1349 1880 1400 hirsuta,
1915 1346 1978 1386 fo-

186 1424 337 1479 liaque
369 1434 503 1476 supra
548 1419 736 1474 sparsim
783 1417 927 1472 pilosa
971 1421 1107 1456 sunt:
1171 1413 1234 1458 Μ.
1268 1410 1429 1468 Langii
1460 1409 1656 1458 Steudel.
1690 1407 1733 1448 in
1767 1406 1848 1447 litt.
1912 1403 1977 1446 M.

184 1480 480 1540 pyramidalis
515 1477 670 1519 Benth.
705 1477 791 1518 lub.
826 1489 868 1530 p.
897 1476 1020 1526 175.,
1060 1473 1170 1514 excl.
1205 1472 1314 1527 plur.
1350 1483 1450 1526 syn.
1724 1450 1745 1475 ⁰

307 1563 345 1614 β.
378 1551 653 1606 osticiizalis,
704 1549 885 1604 glabra,
935 1546 1076 1588 caulis
1109 1545 1304 1598 foliaque
1337 1543 1490 1583 subtus
1524 1540 1629 1595 pilis
1660 1536 1867 1578 brevibus
1902 1533 1977 1576 ad-

179 1613 348 1670 pressis
402 1624 500 1652 raro
546 1609 794 1664 adspersa:
870 1604 932 1647 M.
980 1604 1181 1662 glabrata
1224 1601 1350 1644 vahl.
1392 1601 1532 1656 symb.
1555 1602 1595 1642 2.
1642 1599 1740 1651 75„
1794 1592 1978 1636 secund.

180 1672 341 1714 Beuth.

301 1761 347 1803 γ.
393 1742 583 1798 crispa,
632 1742 857 1781 structura
901 1741 943 1778 et
985 1734 1218 1792 glabrities
1262 1731 1405 1773 caulis
1449 1740 1693 1779 ramorum,
1737 1725 1977 1780 spicarum,

182 1803 528 1860 pedicellorum,
578 1799 778 1852 calycum
823 1795 1064 1847 florumque
1096 1798 1245 1834 exacto.
1280 1796 1332 1843 ut
1368 1787 1603 1829 varietatis
1650 1783 1979 1836 antecedentis,

180 1862 244 1904 M.
279 1860 494 1917 piperitae
525 1857 831 1907 officinarum,
866 1853 944 1894 sed
978 1853 1086 1893 folia
1118 1857 1277 1900 ovata,
1326 1848 1729 1899 bullato-rugosa,
1777 1841 1981 1896 margine

181 1921 327 1974 crispa
359 1925 400 1960 et
433 1916 808 1964 inciso-dentata,
843 1911 1051 1952 dentibus
1085 1908 1344 1951 lanceolatis
1379 1903 1681 1945 acuminatist
1739 1900 1798 1940 M.
1830 1900 1981 1953 crispa

181 1979 231 2022 L.
278 1992 345 2033 sp.
375 1979 475 2020 805.
545 1974 608 2015 Μ.
654 1971 859 2027 aquatica
902 1986 948 2028 γ.
991 1971 1137 2024 crispa
1181 1965 1338 2006 Benth.
1372 1963 1459 2005 lab.
1491 1965 1582 2006 177.
1646 1959 1809 2014 Spicae
1843 1957 1980 1997 maxi-

179 2051 295 2079 mam
332 2033 670 2077 similitudinem
706 2044 801 2072 cum
837 2028 975 2083 spicis
1009 2027 1071 2068 Μ.
1107 2025 1322 2081 piperitae
1367 2021 1560 2070 habent,
1611 2021 1768 2059 saltem
1802 2017 1845 2057 in
1880 2028 1980 2070 spe-

179 2096 420 2140 ciminibus
453 2092 587 2143 vivis,
623 2103 734 2148 quae
766 2088 811 2129 in
847 2088 969 2127 horto
1003 2086 1129 2133 colo3
1165 2097 1250 2138 qua
1284 2082 1338 2123 de
1371 2092 1510 2122 causa
1542 2090 1637 2119 eam
1668 2076 1732 2118 Μ.
1762 2074 1985 2132 piperitae

179 2162 228 2199 ut
259 2154 518 2196 varietatem
552 2146 777 2191 subiunxi.
840 2146 969 2187 Hanc
999 2145 1160 2186 cultam
1196 2149 1364 2183 tautum
1399 2137 1510 2180 vidi.
1893 2131 1948 2174 G.

299 2255 340 2299 5.
377 2252 458 2306 ,M.
493 2262 720 2295 AQUATICA
771 2247 849 2303 (L.
897 2261 964 2302 sp.
986 2245 1111 2300 805.)
1145 2234 1356 2298 floribus
1399 2228 1666 2281 ve'rticinato
1691 2262 1707 2269 -
1735 2233 1982 2289 capitatis,

183 2311 389 2356 dentibus
442 2310 610 2366 calycis
661 2322 683 2349 c
727 2307 825 2349 basi
871 2304 1139 2361 triangulari
1187 2298 1435 2349 subulatis,
1483 2295 1706 2339 fructiferi
1751 2292 1982 2349 porrectiS,

182 2374 287 2414 tubo
331 2371 531 2419 sulcato,
585 2367 707 2408 foliis
739 2365 965 2419 petiolatis
998 2361 1142 2404 ovatis
1177 2358 1376 2400 serratis.
1409 2354 1478 2412 Zp.
1528 2353 1598 2395 Ad
1645 2353 1794 2407 ripas,
1829 2351 1982 2392 fossas

184 2431 365 2484 ubique.
427 2427 517 2468 Jul.
553 2427 666 2480 Aug.
728 2424 787 2465 D.
836 2423 877 2464 fl.
905 2424 945 2465 4.
980 2424 1078 2464 251.
1140 2418 1201 2459 Μ.
1235 2416 1449 2471 palustris
1493 2412 1612 2455 Mill.
1658 2411 1760 2452 dict.
1788 2414 1853 2452 11.
1914 2407 1984 2448 M.

184 2485 449 2531 intermedia
482 2491 523 2525 et
556 2496 774 2538 purpurea
805 2482 933 2523 Host.
960 2480 1002 2520 fl.
1030 2493 1067 2520 a.
1086 2482 1127 2522 2.
1157 2478 1251 2519 141.
1290 2473 1495 2529 (specim.
1532 2470 1666 2526 paulo
1697 2466 1979 2520 villosiora.)

333 2590 343 2600 .
390 2558 608 2606 hirsuta,
655 2555 868 2610 pilosior‚
915 2551 1038 2593 foliis
1082 2562 1216 2602 saepe
1259 2545 1445 2588 brevius
1487 2541 1738 2602 petiolatis:
1800 2538 1864 2582 M.
1898 2537 1987 2601 hir·-

183 2623 285 2663 suta
316 2618 368 2659 L.
405 2622 536 2657 mant.
566 2617 637 2658 81.
700 2612 760 2655 M.
798 2611 932 2652 dubia
962 2608 1065 2649 Vill.
1099 2606 1306 2661 delph.2.
1338 2605 1438 2647 358.

298 2708 344 2751 y.
377 2688 621 2746 ylabmla,
657 2684 815 2743 glabra
841 2681 1068 2737 calycibus
1101 2684 1269 2720 tantum
1304 2674 1500 2718 ciliatiS:
1562 2671 1627 2715 M.
1654 2671 1812 2714 citrata
1844 2667 1980 2710 Ehrh.

181 2749 308 2793 beitr.
343 2753 381 2794 7.
442 2762 482 2803 p.
514 2750 608 2790 172.
685 2743 745 2784 Μ.
786 2740 966 2783 odorata
1010 2738 1104 2782 Sul.
1161 2735 1326 2781 menth.
1355 2738 1427 2779 21.
1475 2737 1504 2775 t.
1528 2733 1570 2778 9.
1655 2729 1721 2772 M.
1766 2728 1985 2784 adspersa

179 2807 387 2851 Moench.
422 2805 550 2846 meth.
574 2803 676 2848 379.

301 2880 366 2922 M.
402 2877 656 2933 aquaticam
693 2874 745 2915 cl.
778 2871 951 2927 Meyer.
1003 2869 1048 2910 in
1092 2867 1227 2913 cl1l0r‚
1273 2865 1436 2907 lianov.
1483 2877 1523 2919 p.
1543 2863 1642 2907 291.
1686 2873 1784 2902 cum
1815 2857 1867 2899 Μ
1914 2871 1985 2898 sa-

185 2940 278 2982 tiva
319 2936 562 2992 coniungit.
630 2934 879 2974 Occurrunt
922 2928 1089 2972 formae
1134 2923 1313 2981 omnino
1357 2921 1672 2972 intermediae,
1725 2931 1836 2974 quae
1880 2929 1986 2958 vero

183 3011 263 3055 pro
294 2996 494 3053 hybridis
531 2992 682 3035 haberi
714 2992 914 3047 possunt.
1295 3044 1300 3046 ξ

301 3099 342 3140 6.
387 3095 450 3137 Μ.
487 3105 740 3136 PRATBNSIS
774 3089 894 3146 (Sol.
929 3087 1092 3129 mentli.
1128 3085 1225 3126 brit.
1263 3089 1279 3125 t
1321 3086 1386 3127 17.
1421 3094 1508 3123 sec.
1544 3077 1700 3121 Benth.
1744 3075 1835 3118 lab.
1861 3073 1987 3128 174.)

189 3156 371 3198 floribus
404 3151 713 3202 veruculatis,
758 3147 1005 3191 verticillis
1049 3144 1265 3186 omnibus
1301 3141 1494 3183 remotis
1526 3135 1763 3193 fslobosis,
1813 3133 1987 3188 calyci-

190 3215 278 3256 bus
311 3211 638 3267 campanulutis
672 3208 896 3251 dentibus
932 3202 1245 3256 eriangyulart
1267 3198 1547 3242 lanceolacis
1580 3193 1886 3243 acuminatis,
1920 3205 1990 3233 ca-

190 3273 308 3331 lycis
339 3270 561 3315 fructiferi
594 3267 844 3326 porrectis,
881 3265 1019 3320 soliis
1051 3260 1294 3304 ses-silibus
1330 3259 1400 3301 vel
1432 3253 1741 3312 subpetiolatis
1772 3250 1992 3296 lanceola-
