2200 3525
280 156 382 206 336
902 138 1449 198 VALERIANEAE.

283 304 723 364 subhemisphaerico
748 304 1037 351 -incrassata
1069 310 1147 349 est.
1180 330 1240 339 -
1305 306 1591 349 Simillimum
1627 307 1682 350 G.
1713 307 1916 353 Jussieui
1961 309 2070 353 viu.

283 372 489 425 delph.2.
523 366 635 417 323,
672 363 726 406 G.
760 365 973 420 pumilum
1010 374 1050 425 β.
1085 366 1350 422 cespitosum
1382 366 1475 408 DC.
1509 367 1656 422 prodr.
1683 367 1723 411 4.
1758 371 1887 424 595„
1930 369 2075 411 differt

282 431 406 474 foliis
439 425 644 477 utrinque
676 423 858 477 planis,
890 424 1117 475 enerviis‚
1159 439 1300 480 neque
1332 425 1532 481 margine
1564 426 1828 468 incrassatis
1860 441 1942 468 nec
1972 427 2075 468 sub·

283 497 352 530 tus
386 482 641 528 bisuleatis5
688 487 729 521 et
761 481 908 522 simile
941 482 994 523 G.
1031 485 1344 538 pyrenaicum:
1389 497 1521 525 nervo
1554 484 1689 526 debili
1734 490 1775 527 et
1806 485 2075 541 pedunculis

286 543 517 593 unifloris,
552 539 661 580 folio
694 539 878 581 dimidio
912 541 1205 582 brevioribus.
1596 536 1599 543 ’

397 616 466 659 26.
502 613 558 654 G.
581 625 845 653 Hst'rIcUM
879 613 1094 669 (Weigel.
1124 614 1294 653 observ,
1328 613 1414 654 bot.
1447 627 1489 669 p.
1512 611 1612 670 24.)
1635 615 1774 668 foliis
1807 615 1930 656 senis
1963 619 2077 656 octo-

280 675 409 717 nisvre
441 671 731 714 subenerviis
759 672 918 725 planis
950 672 1256 713 subcarnosis
1289 672 1574 713 escuris-tacis·
1605 674 1795 716 mulinis
1827 674 1901 714 vel
1930 673 2079 715 brevi-

281 743 354 776 ter
379 730 702 781 mum’onatz'S,
750 730 1037 771 inferioribus
1081 729 1252 770 obtusis
1286 731 1590 784 superioribus
1623 732 1882 772 lanceolatis
1915 734 2075 785 acutis,

281 793 487 834 caulibus
520 788 838 830 ramosissimis
873 788 1262 843 procumbentibus
1298 787 1670 829 adscendentibus
1707 791 2076 845 quadrangulari-

280 852 363 891 bus
396 849 600 906 glabris,
647 846 910 901 pedunculis
957 847 1209 887 umbellatis
1257 847 1565 888 terminalibus
1599 848 1950 902 axillaribusque
1981 849 2079 890 uni-

279 908 461 950 trifloris
493 907 603 949 folia
634 906 815 960 paulum
847 907 1186 961 superantibus,
1233 906 1436 946 corollae
1468 906 1654 946 laciniis
1687 908 1868 953 acutis,
1895 907 2076 959 fructi-

279 967 367 1009 bus
399 966 622 1008 laec-ibus.
658 963 736 1012 Q.
771 965 822 1004 In
855 965 963 1006 locis
996 964 1217 1020 glareosis
1252 965 1444 1017 alpium,
1492 977 1588 1005 cum
1635 965 1784 1005 fluviis
1826 965 1930 1005 hinc
1974 964 2079 1005 inde

280 1026 328 1067 in
361 1024 569 1080 planities
603 1022 907 1075 descendens,
957 1023 1027 1077 (in
1061 1021 1102 1067 d.
1139 1021 1346 1063 Schweiz
1380 1023 1549 1072 selten,
1586 1036 1623 1063 a.
1659 1021 1698 1063 d.
1733 1023 1877 1076 Fouly
1912 1037 1952 1063 u.
1988 1023 2076 1063 En-

282 1084 495 1134 zeindaZ,
542 1082 622 1123 auf
661 1081 702 1122 d.
737 1081 1064 1134 VVeisenstein3
1115 1094 1154 1122 a.
1202 1081 1240 1121 d.
1285 1081 1473 1135 Tyroler
1516 1081 1686 1133 Alpen3
1736 1081 1777 1127 d,
1814 1081 2078 1123 Radstiidter

282 1142 493 1194 Tauern3
545 1140 665 1181 nicht
707 1140 848 1180 selten
892 1140 973 1181 auf
1007 1139 1048 1181 d.
1093 1139 1367 1180 lsarbanken
1413 1139 1482 1180 bei
1523 1139 1790 1193 Miinchen,)
1841 1139 1930 1180 Jul.
1963 1141 2078 1195 Aug.

280 1202 436 1244 Flores
471 1198 733 1241 ochroleuci.
800 1197 943 1238 Gaud.
978 1197 1091 1238 helv.
1124 1204 1158 1240 1.
1193 1212 1234 1253 p.
1254 1196 1352 1242 434.
1417 1197 1472 1238 G.
1506 1197 1717 1239 baldense
1751 1198 1940 1254 Spreng.
1973 1212 2079 1253 pug.

287 1264 324 1305 1.
360 1274 401 1315 p.
427 1261 492 1302 10.
557 1256 613 1297 G.
647 1255 837 1298 saxatile
871 1255 968 1302 Sur.
1003 1256 1119 1296 helv.
1159 1260 1193 1299 1.
1228 1258 1300 1300 90.
1334 1280 1392 1286 —
1451 1258 1489 1296 A
1533 1257 1673 1297 tribus
1719 1257 2081 1298 antecedentibus

283 1323 458 1374 praeter
506 1316 620 1357 alias
667 1320 793 1355 notas
835 1314 979 1355 differt
1024 1315 1148 1355 foliis
1192 1314 1285 1355 fere
1332 1314 1525 1355 enerviis
1571 1315 1746 1357 muticis
1793 1316 1863 1355 vel
1909 1328 2080 1355 mucro-

283 1377 388 1418 nuto
441 1375 517 1416 vix
573 1372 845 1414 observabili
901 1373 1144 1414 instructis.
1195 1395 1248 1402 —-·
1334 1372 1390 1414 G.
1438 1373 1691 1426 Villarsiz‘,
1763 1373 1975 1426 Requien.
2030 1372 2079 1413 in

286 1435 422 1479 Quer.
468 1432 613 1476 vaucl.
671 1431 736 1473 ed.
766 1436 808 1474 2.
868 1444 906 1486 p.
935 1432 1032 1474 250.
1093 1429 1187 1472 DC.
1229 1430 1374 1486 prodr.
1408 1431 1449 1473 4.
1496 1433 1624 1482 597.,
1681 1432 1922 1472 secundum
1974 1430 2080 1471 cita-

283 1500 374 1537 tum
421 1507 473 1533 ex
517 1489 716 1531 Gaudini
757 1489 864 1530 flora
913 1489 1158 1543 helvetica,
1217 1488 1306 1542 „G
1343 1489 1563 1544 sylvestre
1608 1489 1757 1530 virens
1802 1489 1944 1530 Gaud.
1980 1489 2008 1531 l.
2043 1501 2082 1531 c.

289 1557 326 1596 1.
375 1565 417 1606 p.
439 1551 574 1593 432“
630 1548 845 1603 stirpibus
899 1547 1133 1589 helveticis
1179 1547 1516 1588 adscribendum
1576 1554 1669 1601 est3
1724 1547 1801 1597 sed
1859 1546 2080 1602 suspicor,

284 1609 548 1651 helveticam
595 1607 789 1662 plantam
834 1606 918 1647 huc
973 1620 1059 1646 non
1115 1606 1363 1661 pertinere,
1428 1620 1559 1660 quum
1608 1606 1848 1661 descriptio
1903 1605 2085 1647 minime

286 1667 536 1711 conveniat.
600 1665 778 1706 Galium
813 1665 1014 1705 Villarsii
1048 1664 1195 1706 differt
1227 1678 1252 1705 a
1285 1664 1339 1706 G.
1374 1665 1591 1705 helvetico
1622 1665 1746 1706 foliis
1778 1664 2084 1706 lineari-obo-

285 1727 432 1778 vatis‚
468 1725 596 1780 apice
627 1722 1102 1774 rotundato-obtusis,
1138 1723 1289 1779 magis,
1315 1723 1593 1775 carnosulis,
1628 1723 1825 1765 siccitate
1858 1723 2003 1778 nigris
2039 1727 2083 1764 et

229 1796 233 1800 ‘
286 1785 551 1842 pedunculis
579 1783 763 1836 crassis,
797 1781 1102 1824 terminalibus
1130 1783 1269 1824 ternis
1294 1782 1472 1833 trifidis,
1506 1782 1615 1823 folia
1641 1796 1728 1823 non
1754 1783 2082 1838 superantibus.

407 1872 448 1915 6.
483 1869 858 1911 VAILLANTIA
889 1868 1006 1919 (DC.
1042 1868 1085 1910 fl.
1120 1868 1236 1914 fr.4.
1270 1870 1424 1924 9226.
1460 1869 1696 1911 Valantiae
1728 1883 1844 1925 spec.
1878 1869 1950 1920 L.)
1984 1869 2087 1911 Flo-

291 1943 362 1972 res
393 1928 537 1983 terni,
579 1929 721 1969 medio
755 1928 1108 1982 hermaphrodito
1139 1928 1305 1979 fertfli,
1350 1929 1608 1969 lateralibus
1642 1930 1855 1970 masculis
1889 1942 1984 1969 cum
2019 1929 2086 1969 in-

291 1987 503 2030 termedio
547 1987 783 2028 concretis.
847 1986 941 2027 Cal.
989 1987 1150 2026 limbus
1194 1986 1500 2041 irregulariter
1544 1987 1776 2038 dentatus,
1826 1987 2087 2042 persistens.

293 2046 394 2088 Cor.
427 2050 594 2097 rotata,
646 2045 687 2085 fl.
722 2058 854 2086 masc.
890 2044 1063 2096 trifida,
1107 2044 1354 2098 hermaphr‚
1391 2044 1649 2098 quadrifida.
1712 2045 1901 2086 Fructus
1934 2045 2086 2085 tricor-

291 2105 397 2159 nis,
429 2118 482 2145 ex
514 2103 680 2143 ovariis
713 2103 857 2143 tribus
893 2103 1121 2154 connatis,
1156 2102 1310 2154 calyce
1342 2102 1609 2156 persistente
1642 2102 1896 2156 coronatis,
1929 2102 2090 2144 forma-

291 2170 390 2216 tus,
425 2162 704 2214 biovulatus,
740 2161 995 2216 plerumque
1028 2172 1377 2215 monospermus.

416 2239 452 2278 1.
499 2234 551 2280 V.
588 2247 797 2275 MURALIS
825 2232 900 2290 (L.
935 2247 1000 2287 sp.
1029 2232 1180 2288 1490.)
1226 2233 1353 2274 caule
1385 2232 1508 2274 foliis
1555 2232 1873 2288 calycibusque
1905 2233 2089 2289 glabris.

293 2292 367 2351 Θ.
413 2293 469 2335 In
510 2293 622 2334 locis
665 2291 828 2348 apricis
871 2296 913 2332 et
955 2292 1123 2342 muris,
1169 2291 1356 2340 (Istrien
1391 2305 1432 2331 u.
1467 2290 1507 2333 d.
1542 2291 1865 2334 benachbarten
1896 2293 2090 2344 Inseln.]

295 2353 500 2397 Column.
533 2351 680 2408 ecphr.
699 2353 800 2397 297.
861 2349 1017 2392 Flores
1051 2363 1075 2391 e
1105 2349 1240 2392 viridi
1284 2349 1454 2392 luteoli.
2017 2349 2060 2397 J,

295 2573 326 2619 4
433 2501 563 2616 gad.
600 2501 744 2556 LXI.
814 2499 1351 2555 VALERIANEAE.
1394 2508 1491 2554 DC.
1524 2511 1568 2554 fl.
1601 2510 1655 2554 fr.
1672 2510 1714 2555 4.
1745 2525 1788 2568 p.
1807 2512 1905 2557 237.
1939 2508 2089 2567 prodr.

329 2605 338 2616 .
372 2586 414 2630 p.
526 2602 537 2613 .

417 2645 516 2688 Cal.
548 2657 780 2699 superus.-
813 2643 983 2687 limbus
1013 2643 1253 2686 involutus
1281 2650 1328 2685 et
1359 2643 1558 2700 denique
1589 2636 1644 2684 inv
1664 2654 1879 2697 pappum
1910 2652 2091 2693 expan-

299 2732 399 2772 sus,
431 2718 508 2760 vel
536 2719 779 2770 dentatus,
810 2717 886 2759 vel
911 2717 1162 2759 obsoletus.
1225 2715 1323 2758 Cor.
1358 2716 1650 2771 monopetala‚
1684 2715 1834 2756 ovario
1856 2712 2089 2768 imposita:

298 2791 462 2833 limbus
494 2792 522 2835 3
544 2815 561 2822 ·
582 2791 611 2834 4
635 2816 651 2823 -
678 2793 703 2834 5
735 2789 881 2844 fidus,
927 2789 1291 2844 subinaequalis,
1335 2789 1408 2830 vel
1452 2788 1583 2831 etiam
1625 2786 1914 2842 irregularis3
1961 2785 2093 2826 tubus

301 2863 404 2905 basi
438 2876 571 2919 saepe
602 2863 793 2920 gibbus,
830 2862 902 2904 vel
934 2861 1195 2904 calcaratus.
1260 2860 1626 2905 Stamina·tub0
1660 2859 1862 2900 corollae
1892 2858 2093 2909 inserta,

301 2935 470 2988 libera,
514 2935 567 2989 4,
609 2935 681 2976 vel
724 2935 947 2991 pauciora.
1014 2934 1241 2975 Ovarium
1273 2940 1300 2976 1
1333 2935 1567 2983 Ioculare,
1609 2931 1685 2972 vel
1722 2933 1827 2972 2-3
1867 2930 2092 2983 Ioculare,

303 3009 455 3050 loculo
490 3013 517 3049 1
554 3007 740 3063 fertili,
790 3008 927 3048 ovalo
971 3005 1214 3060 solitario,
1257 3007 1480 3060 pendulo.
1545 3001 1662 3045 Sem.
1697 3002 2092 3045 exalbumiuosum.

306 3079 503 3136 Embryo
536 3085 708 3134 rectus,
742 3080 946 3122 radicula
976 3078 1111 3119 hilum
1144 3084 1384 3133 spectante.
2079 3081 2084 3085 “

424 3171 462 3209 1.
506 3166 844 3208 VALERIANA
890 3165 968 3221 (L.
1004 3179 1103 3221 gen.
1136 3163 1294 3215 alisi.)
1343 3162 1436 3204 Cal.
1470 3162 1630 3204 limbus
1663 3177 1741 3219 per
1775 3161 1980 3204 anthesin
2023 3161 2094 3202 in-

303 3224 511 3277 volutus,
557 3232 736 3279 postea,
782 3225 968 3266 fructum
1003 3235 1246 3276 coronans,
1282 3222 1547 3277 in'pappum
1580 3222 1826 3277 plumosum
1859 3233 2096 3277 expansus.

307 3282 406 3329 eor.
439 3282 896 3336 infundibuliformis,
931 3282 1027 3325 basi
1059 3281 1220 3340 gibba:
1253 3279 1387 3323 limbo
1418 3282 1444 3326 5
1475 3279 1577 3329 fido·
1832 3335 1863 3379 ᾗ.
1888 3338 1920 3369 ι.
1967 3333 2096 3368 riores
