2200 3525
131 177 433 214 PLAono.
736 155 1324 215 PLANTAfflNEAE·
1820 159 1919 211 599

131 321 203 364 dis
235 322 292 365 ad
324 322 473 364 littora
503 319 665 372 maris,
709 318 909 372 salinas,
951 324 993 361 et
1025 319 1070 360 iu
1104 318 1304 373 alpibus,
1351 317 1543 368 fortasse
1573 315 1715 358 solum
1747 314 1915 363 salsum

129 380 293 423 ibidem
325 379 536 435 prodens.
598 376 904 419 Juu.-Octob.
966 377 1033 419 Fl.
1068 378 1106 418 d.
1141 385 1168 418 t.
1191 377 1291 422 243.

245 471 288 496 a.
323 451 555 506 genuina,
590 449 712 490 foliis
744 449 914 506 glabris
948 448 1271 504 integerrimis:
1316 447 1367 489 P.
1396 446 1617 489 maritima
1650 445 1772 489 Roth.
1806 451 1911 488 tent.

125 512 170 555 2.
205 513 244 554 1.
275 523 316 564 p.
343 512 467 558 172„
503 507 596 548 DC.
630 507 670 548 fl.
706 507 757 548 fr.
783 509 826 553 3,
861 521 901 563 p.
923 509 1021 550 412.
1089 506 1353 547 modificatio
1386 505 1514 546 huius
1547 505 1751 560 angustis
1787 505 1911 546 foliis

129 572 227 609 est:
289 565 345 611 P.
378 565 595 608 Wulfenii
627 564 779 609 Willd.
814 579 881 606 en.
919 565 959 607 h.
995 565 1129 608 berol.
1166 569 1201 607 1.
1241 566 1351 616 161„
1392 563 1702 618 (WilldenoW.
1737 564 1780 603 in
1815 564 1840 605 l.
1874 576 1912 605 c.

127 624 352 679 expressis
385 624 535 665 verbis
570 623 725 667 habet:
791 622 840 663 P.
874 623 1072 667 Wulfeni
1104 622 1406 679 Bernhardi3)
1439 620 1633 678 Spreiig.
1666 621 1709 663 ss.
1743 621 1912 665 balens.

125 682 193 724 ed.
218 687 254 726 1.
289 695 330 738 p.
353 683 425 727 54.
463 682 598 738 (excl.
633 695 732 736 syn.
765 681 1023 737 Wulfenii.)

244 763 289 814 β.
324 755 554 806 dentata,
600 755 722 796 foliis
757 754 954 810 glabriS,
990 753 1192 801 dentibus
1224 751 1393 808 aliquot
1424 750 1665 795 linearibus
1693 729 1913 809 elongatis

125 812 367 855 instructa:
432 811 480 855 P.
515 813 691 856 dentata
725 812 847 854 Roth.
881 818 985 856 tent.
1011 815 1054 855 2.
1094 816 1129 854 1.
1166 813 1260 855 173.

244 903 289 946 y.
335 886 531 940 ciliata,
580 885 705 931 foliis
752 883 1157 925 setuloso·ciliatis
1202 881 1502 939 integerrimis
1543 880 1615 922 vel
1657 879 1784 920 dente
1827 892 1913 919 uno

127 943 320 986 alterove
362 944 556 987 notatis:
617 943 667 989 P.
701 942 895 984 Wulfeni
941 941 1006 981 M.
1043 947 1084 982 et
1115 942 1169 982 K.
1203 941 1255 983 D.
1303 941 1343 981 fl.
1372 943 1412 984 1.
1458 954 1498 998 p.
1517 939 1615 982 809.
1680 938 1726 984 P.
1761 936 1914 989 alpina

129 1001 302 1043 Sieber.
344 1002 467 1045 herb.
510 1001 552 1042 fl.
596 1005 707 1042 aust.
737 1002 806 1042 45.
880 997 928 1042 P.
966 999 1193 1055 graminea
1236 997 1458 1040 Schleich.
1506 1005 1589 1038 cat.
1639 993 1751 1050 (non
1788 994 1907 1048 DC.)

126 1059 176 1102 P.
209 1061 467 1115 serpentina
497 1057 733 1107 Reicbenb.
766 1057 809 1098 fl.
844 1070 939 1098 exc.
986 1070 1024 1112 p.
1045 1059 1175 1110 397.‚
1220 1055 1404 1100 secund.
1450 1055 1630 1106 citatum
1663 1052 1836 1094 Sieberi
1870 1058 1913 1094 et

125 1132 180 1160 ex
218 1118 314 1160 loco
346 1125 433 1161 nat.
493 1115 757 1176 „Passeyer
793 1114 908 1165 Thai
951 1113 997 1155 in
1030 1113 1198 1170 'l'yrol‘⁶¹
1228 1115 1360 1169 ‡(non
1393 1113 1540 1168 Lam.)
1575 1135 1634 1143 ο-
1693 1110 1912 1162 Plantago

125 1176 345 1218 maritima
385 1174 483 1217 DC.
530 1175 571 1216 fl.
615 1174 666 1217 fr.
687 1176 729 1217 3.
761 1172 890 1225 412„
940 1179 1010 1213 est
1055 1177 1173 1215 certo
1215 1185 1312 1213 cum
1356 1177 1506 1221 nostra
1549 1168 1699 1226 specie
1741 1168 1909 1218 eadem,

125 1232 241 1289 quod
272 1233 406 1283 verba
438 1232 750 1288 descriptionis
795 1236 962 1286 „capnt
1005 1230 1170 1272 radicis
1205 1229 1420 1278 hirsutum
1454 1228 1559 1284 pilis
1594 1226 1910 1282 lanuginosis“

124 1293 298 1334 docent.
360 1291 670 1348 Plantaginem
703 1303 810 1333 vero
842 1288 1116 1345 gramineam
1151 1288 1273 1342 Dc.,
1318 1286 1484 1340 „cuius
1519 1285 1644 1332 radix
1688 1285 1792 1339 pilis
1836 1297 1910 1338 pe-

123 1350 243 1392 nitus
276 1349 430 1396 orbata
460 1352 581 1404 est“,
614 1348 803 1390 nondum
837 1346 945 1388 vidi.
1011 1345 1078 1388 Cl.
1111 1347 1281 1401 Meyer.
1313 1346 1359 1396 in
1394 1345 1529 1387 chlor.
1563 1343 1723 1385 hanov.
1753 1357 1790 1397 p.
1810 1343 1910 1386 349.

123 1408 258 1459 dicit,
292 1407 342 1452 P.
374 1408 638 1461 maritimam
669 1405 790 1449 Dec.
823 1405 878 1451 ad
910 1405 961 1447 P.
995 1411 1300 1461 recurvatam,
1350 1403 1458 1454 mihi
1493 1415 1666 1468 quoque
1698 1401 1910 1457 ignotam,

124 1467 361 1523 pertinere.

245 1554 311 1596 10.
358 1551 409 1593 P.
442 1563 730 1596 snum-:nribus
768 1550 920 1606 (Lam.
954 1551 1114 1594 illustr.
1147 1563 1193 1595 n.
1228 1548 1380 1603 1686.)
1415 1547 1538 1590 foliis
1571 1546 1814 1589 linearibus
1846 1558 1912 1587 se-

125 1610 548 1666 mitereti-trigonis
580 1610 779 1651 siccitate
813 1612 1027 1655 carinatis
1061 1609 1261 1663 margine
1291 1605 1724 1655 sanioso-citiam,
1779 1618 1912 1657 scapo

124 1671 282 1720 tereti,
326 1669 449 1724 spica
492 1668 902 1725 lineari—elongata
936 1668 1183 1723 cylindrica
1214 1665 1380 1715 densa,
1428 1664 1634 1706 bracteis
1677 1678 1737 1703 ex
1767 1672 1908 1707 ovata

126 1727 232 1769 basi
256 1727 793 1769 subulam-attenuatis
825 1727 969 1768 acutis
1004 1727 1204 1782 margine
1237 1722 1587 1768 membranaceis
1620 1722 1813 1775 calycem
1841 1736 1912 1760 su-

125 1787 412 1842 perantibus,
447 1786 616 1840 calycis
651 1785 830 1828 laciniis
863 1784 1239 1835 membranaceis,
1276 1781 1442 1830 carina
1476 1780 1689 1821 herbacea
1722 1787 1910 1831 apter-a,

127 1844 330 1892 corollae
363 1844 474 1886 tubo
507 1843 736 1887 villosulo.
764 1840 833 1893 Q.
872 1843 920 1887 ln
956 1843 1140 1898 rupibus
1173 1846 1213 1882 et
1245 1839 1356 1880 loeis
1390 1839 1561 1879 saxosis
1588 1838 1776 1891 asperis,
1813 1837 1911 1886 (bei

122 1901 267 1944 Triest
301 1916 344 1943 u.
379 1901 579 1957 Fiume.)
614 1899 876 1952 Jul.-Sept.
927 1901 980 1942 P.
1016 1901 1215 1945 carinata
1250 1896 1434 1939 Sclirad.
1470 1902 1553 1936 cat.
1588 1909 1694 1936 sem.
1731 1896 1769 1935 Ιι.
1804 1896 1911 1950 gott.

124 1960 181 2001 D.
229 1960 269 2000 fl.
292 1963 333 2004 2.
391 1961 550 2016 p.810.
626 1957 677 2000 P.
712 1958 912 2001 Wulfeni
957 1958 1138 2000 Schreb.
1192 1970 1262 2011 ap.
1309 1954 1372 1995 St.
1421 1954 1547 1997 h.21.
1622 1952 1675 1998 P.
1710 1954 1916 2002 subulata

125 2018 262 2060 Wulf.
297 2032 364 2072 ap.
395 2017 520 2071 Jacq.
564 2017 732 2059 collect.
761 2019 792 2059 1.
828 2015 924 2062 204.
969 2023 1001 2058 t.
1032 2019 1096 2060 10.
1145 2014 1257 2070 (non
1295 2012 1373 2067 L.)
1437 2011 1486 2052 P.
1522 2010 1708 2052 Gerardi
1744 2010 1913 2051 Schult.

124 2083 254 2117 oestr.
288 2076 328 2117 fl.
358 2080 390 2118 1.
425 2090 464 2130 ρ.
484 2076 584 2120 298.
648 2073 694 2118 P.
731 2074 988 2120 Holosteum
1024 2073 1150 2128 Scop.
1186 2085 1302 2118 carn.
1328 2077 1363 2113 l.
1396 2070 1508 2124 108,
1543 2068 1619 2124 (P.
1655 2069 1914 2121 carlomani,

124 2134 390 2191 P-alpinam
425 2141 467 2175 et
498 2131 546 2175 P.
574 2131 840 2179 maritimam
875 2133 958 2176 sub
994 2133 1075 2174 hoc
1106 2131 1284 2173 nomine
1317 2126 1688 2184 comprehendit.)
1734 2125 1914 2168 variat:

241 2215 283 2264 β.
316 2205 736 2261 Ιοηῃεόναετεαὶα,
781 2204 970 2246 bracteis
1013 2204 1166 2258 calyce
1204 2203 1295 2245 fere
1328 2200 1462 2254 duplo
1493 2199 1806 2254 longioribus:
1868 2197 1916 2255 P.

124 2264 380 2319 serpentina
421 2264 547 2305 Lam.
596 2264 759 2305 illustr.
804 2265 1023 2315 n.1686.,
1072 2263 1174 2304 dict.
1198 2264 1239 2303 5.
1284 2273 1325 2315 p.
1346 2261 1471 2310 383„
1520 2259 1730 2310 „bractee
1775 2257 1917 2308 ovale,

124 2323 308 2363 subulee
343 2324 369 2362 a
401 2335 485 2363 son
519 2328 719 2372 soinmet,
755 2322 930 2376 presqu'
966 2335 1050 2362 une
1082 2321 1169 2369 fois
1203 2319 1302 2374 plus
1336 2318 1499 2373 longue
1532 2329 1617 2370 que
1649 2316 1689 2356 le
1721 2316 1918 2356 calice.“.

123 2381 254 2421 Hanc
285 2380 569 2431 varietatem,
604 2381 649 2420 in
685 2393 793 2436 agro
825 2378 1077 2430 fluminensi
1115 2379 1304 2431 lectam,
1348 2374 1571 2441 possideo·
1632 2372 1685 2420 P.
1721 2370 1919 2415 Corono-

121 2452 205 2495 pus
237 2437 387 2488 eodem
419 2438 544 2482 modo
575 2437 733 2484 variat.
1501 2478 1514 2497 „

254 2550 350 2587 Sect.
376 2551 419 2584 ll.
467 2550 694 2586 Conosoncs
719 2550 896 2586 Toni-nef.
920 2551 1005 2582 inst.
1032 2552 1056 2582 t.
1075 2547 1128 2582 49.
1174 2548 1350 2588 Placenta
1373 2546 1448 2582 3-AE
1471 2510 1583 2594 alt-itat
1607 2555 1733 2580 semen
1758 2546 1906 2593 timeum

122 2597 162 2630 in
186 2606 332 2640 quoque
359 2595 480 2628 loculo
506 2605 657 2638 gerens;
683 2599 804 2628 cetera
829 2599 869 2627 ut
891 2595 1067 2627 sectionis
1091 2593 1354 2633 antecedentis.

245 2701 314 2745 11.
359 2695 409 2744 P.
448 2696 713 2738 ConoNorus
746 2693 822 2749 (L.
857 2708 922 2748 sp.
947 2693 1069 2748 166.)
1115 2691 1238 2734 foliis
1282 2690 1558 2748 pinnatifidis
1600 2690 1671 2732 vel
1715 2689 1912 2745 pinnati-

127 2756 480 2807 fido-dentatis,
527 2755 703 2796 laciniis
750 2754 1014 2794 dentibnsve
1059 2751 1268 2801 remotis,
1325 2763 1458 2803 scapo
1497 2749 1653 2799 tereti,
1697 2747 1825 2803 spica
1868 2748 1917 2789 li-

125 2815 501 2867 neari-elongata
535 2811 806 2866 cylindiica,
859 2810 1050 2852 bracteis
1093 2823 1115 2849 e
1161 2807 1256 2855 basi
1302 2815 1429 2851 ovata
1473 2807 1693 2850 subulatis
1737 2805 1915 2860 erectis,

127 2873 306 2924 calycis
339 2871 522 2915 laciniis
555 2870 834 2919 lateralibus
867 2869 997 2913 dorso
1031 2866 1189 2916 alatis,
1238 2866 1316 2907 ala
1352 2866 1712 2909 membranacea
1745 2863 1914 2914 einata,

128 2932 319 2972 corollae
351 2932 455 2971 tubo
488 2930 708 2973 villosulo.
744 2927 816 2985 Θ.
856 2927 904 2971 ln
939 2927 1048 2968 locis
1084 2924 1351 2980 graminosis
1394 2931 1435 2965 et
1478 2923 1736 2971 sterilibus,
1785 2929 1826 2962 et
1872 2921 1918 2962 iu

129 2989 276 3030 littore
317 2989 484 3039 maris,
533 2989 617 3042 (ini
655 2988 759 3029 Litt.
803 2987 871 3027 bei
905 2985 1055 3029 Triest
1089 2997 1128 3023 u.
1164 2996 1203 3024 a.
1240 2982 1322 3035 O.;
1370 2983 1412 3023 in
1447 2981 1677 3036 westph..
1722 2979 1916 3032 Hannv,

129 3045 306 3099 Holst.,
340 3045 617 3101 Mecklenb.)
661 3045 750 3086 Jul.
786 3043 904 3099 Aug.
959 3043 1011 3083 D.
1048 3042 1088 3082 fl.
1118 3045 1153 3084 1.
1190 3041 1349 3094 p.811.
1407 3039 1476 3090 Fi.
1511 3039 1551 3080 d.
1587 3046 1616 3081 t.
1636 3041 1737 3085 272.
1802 3035 1918 3078 Mulss

131 3111 220 3145 tum
255 3105 421 3145 veriat:
457 3105 580 3145 soliis
614 3103 812 3162 glabris,
849 3101 1047 3158 margine
1080 3100 1147 3139 vel
1182 3099 1310 3140 etiam
1346 3098 1448 3140 totis
1481 3097 1684 3148 hirsutis,
1719 3097 1916 3142 bracteis

132 3163 285 3215 calyce
319 3163 591 3203 brevioribus
627 3164 694 3203 vel
727 3162 862 3202 multo
894 3159 1187 3216 longioribus,
1222 3157 1428 3197 foliorum
1465 3155 1588 3197 raclii
1622 3156 1710 3197 lata
1742 3162 1784 3195 et
1814 3155 1916 3195 tlen-

133 3221 253 3260 tibus
289 3220 498 3262 brevibus
531 3221 603 3262 vel
637 3220 754 3261 rachi
790 3225 981 3273 angusta
1015 3224 1054 3257 et
1098 3214 1303 3257 dentibus
1343 3212 1596 3272 elongatis,
1643 3213 1807 3271 piuqqs
1854 3225 1917 3265 ise·

132 3278 406 3331 serentibus,
439 3285 481 3323 et
510 3279 580 3322 bis
612 3278 763 3336 pinnis
795 3278 952 3321 iterum
985 3272 1191 3318 dentatis.
1653 3276 1656 3281 “
