2200 3525
833 87 1272 144 ORCHIDEAE.
1816 96 1915 145 683

149 257 400 299 incurvato
431 251 591 310 spatha
623 251 841 295 cucullata
871 251 1085 294 breviore.
1118 250 1186 305 21..
1229 252 1280 294 In
1323 250 1467 296 vineis
1498 256 1542 297 et
1572 251 1790 297 umbrosis
1819 267 1918 310 reg.

146 315 307 368 calid.,
342 313 438 369 (bei
472 312 625 354 Fiume
657 325 698 351 u.
732 310 814 352 auf
843 310 884 351 d.
920 311 1112 367 lnseln.)
1146 310 1278 356 Mart.
1841 312 1886 354 ,1.

263 416 308 459 2.
353 410 540 454 CALLA
571 410 647 465 (L
683 423 782 466 gen.
815 424 856 452 11.
884 412 1034 466 1030.)
1080 410 1248 467 Spatha
1290 413 1534 468 explanata.
1599 410 1767 468 Spadix
1797 411 1924 454 undi-

151 484 238 526 que
269 476 410 513 tectus
443 468 704 510 staminibus
737 477 778 510 et
809 471 1091 525 paucioribus
1135 471 1298 512 ovariis
1348 472 1415 512 his
1459 472 1740 513 intermixtis.
1802 470 1924 512 Peri·

151 542 253 583 gon
286 542 324 570 o.
388 527 502 567 Mas.
568 524 795 581 Stam.1;
840 529 1022 570 anthera
1055 528 1247 584 didyma.
1310 529 1432 570 Fem.
1496 529 1629 572 Ovar.
1666 534 1703 577 1.
1765 528 1922 572 Bacca.

150 586 206 629 N.
239 587 292 628 ab
325 584 377 626 E.
413 597 510 640 gen.
533 587 576 630 2.
609 584 649 628 4.

273 674 309 714 1.
371 670 422 712 C.
455 683 701 712 ΡΑ111311113
751 669 823 726 (L.
868 685 938 727 sp.
962 672 1114 727 1373.)
1160 673 1280 715 foliis
1323 673 1539 724 cordatis,
1583 672 1737 729 spatha
1779 674 1927 729 plana.

151 726 220 784 u.
252 728 304 770 In
338 729 593 784 paludosis,
640 729 767 784 (stw.
811 729 851 773 d.
897 731 937 774 d.
973 731 1161 782 Gebiet,
1206 733 1310 774 aber
1352 733 1472 775 nicht
1512 733 1557 774 in
1600 734 1641 774 d.
1676 731 1926 788 Schweiz.)

151 787 243 830 Jul.
276 788 390 844 Aug.
435 787 501 829 St.
540 787 579 827 11.
601 789 639 829 5.
700 787 868 842 Spatha
900 802 1034 844 supra
1066 792 1210 831 nivea.
1841 790 1897 833 G.

269 902 492 947 Trib.11.
530 902 1180 946 ORONTIACAE.Brown.
1241 904 1396 948 Flores
1430 905 1660 964 perigonio
1692 906 1897 963 praediti.

273 1006 315 1048 1.
349 986 582 1046 A'CORUS
620 1003 693 1058 (L.
731 1017 829 1059 gen.
863 1017 905 1043 n.
934 1001 1060 1058 432.)
1107 1003 1271 1059 Spatba
1306 1008 1439 1048 nulla.
1500 1006 1648 1065 Perig.
1693 1008 1931 1063 hexaphyl-

156 1067 263 1114 tum,
292 1063 550 1118 persistens.
586 1060 726 1101 Stam.
743 1061 982 1112 flliformia,
1008 1065 1495 1117 receptaculoinserta3
1530 1067 1615 1107 stio
1593 1045 1690 1121 :ma
1711 1067 1932 1119 obtusum,

155 1092 328 1163 sessile.
393 1120 528 1174 Caps.
560 1121 588 1163 3
621 1119 859 1173 1011011113
894 1133 980 1160 non
1013 1120 1261 1163 dehiscens.
1323 1122 1375 1163 N.
1410 1125 1462 1165 ab
1497 1124 1546 1165 E.
1580 1139 1679 1181 gen.
1702 1129 1741 1169 2.
1775 1128 1816 1168 3.

276 1224 312 1264 1.
361 1221 412 1262 A.
448 1219 672 1262 canimus
710 1220 787 1288 (L.
817 1234 883 1276 sp.
903 1219 1001 1264 462.
993 1251 1032 1274 .,
1066 1222 1174 1264 excl.
1209 1236 1300 1264 var.
1323 1223 1392 1281 β.)
1429 1226 1554 1280 scapi
1589 1226 1712 1281 apice
1744 1226 1933 1268 foliaceo

156 1279 435 1334 longissimo.
468 1277 549 1334 74.
583 1279 632 1320 In
667 1280 794 1335 aquis
826 1280 1140 1338 stagnantibus
1173 1288 1215 1324 et
1245 1281 1409 1325 fluviis.
1470 1284 1574 1326 Jun.
1605 1285 1695 1327 Jul.
1745 1284 1803 1326 D.
1835 1284 1878 1326 fl.
1893 1288 1936 1329 2.

158 1352 201 1394 p.
222 1311 320 1384 5069.
383 1337 520 1382 801111.
553 1343 581 1380 1.
604 1340 674 1384 97.

298 1487 428 1542 0111.
467 1488 685 1542 CXXII.
760 1487 1200 1541 ORCHIDEAE.
1250 1498 1370 1543 Juss.
1402 1514 1488 1558 gen
1520 1514 1561 1558 p.
1580 1501 1651 1547 64.

278 1599 565 1658 Perigonium
615 1613 850 1656 superum,
916 1601 1238 1658 petaloideum,
1306 1603 1620 1659 sexpartitum,
1680 1603 1940 1662 irregulare,

162 1672 456 1730 subringens:
492 1674 684 1716 laciniae
719 1682 806 1715 tres
840 1675 1076 1715 exteriores
1110 1680 1151 1716 et
1184 1679 1209 1718 2
1242 1674 1500 1715 interiorum
1526 1676 1688 1717 labium
1718 1677 1941 1732 superius,

194 1746 425 1802 galeam,)
479 1746 607 1788 tertia
650 1747 931 1800 interiorum,
987 1747 1076 1788 situ
1118 1746 1327 1801 primario
1369 1748 1596 1803 superior,
1655 1762 1708 1790 ex
1749 1749 1945 1791 torsione

163 1818 306 1860 ovarii
338 1832 440 1860 vero
471 1819 728 1874 plerumque
759 1818 972 1874 inferior,
1015 1819 1155 1861 forma
1196 1824 1238 1860 ct
1281 1831 1416 1875 saepe
1461 1820 1706 1863 directione
1750 1821 1945 1877 diversa,

164 1890 328 1933 labium
382 1890 603 1947 inferius,
669 1891 985 1947 (labellum‚)
1041 1891 1293 1933 referentes.
1390 1890 1601 1934 Ovarium
1655 1893 1974 1948 uniloculare,‘

166 1965 546 2016 multiovulatum,
584 1964 798 2020 placentis
831 1963 1137 2019 parietalibus.
1199 1963 1337 2005 stam.
1370 1965 1424 2017 3,
1458 1965 1607 2007 ovario
1626 1965 1806 2008 inserta.
1869 1967 1950 2009 Fi-

164 2038 374 2079 lamenea
406 2051 512 2079 cum
541 2037 668 2092 stylo
699 2045 833 2079 arcte
867 2045 1101 2089 connata,
1151 2037 1480 2094 gynostemium
1506 2039 1833 2094 componentiax
1865 2040 1950 2082 duo

164 2110 367 2153 lateralia
398 2109 595 2163 sterilia,
628 2109 888 2152 intermedio
922 2109 1089 2162 fertili,
1133 2110 1203 2151 vel
1237 2111 1382 2152 rarius
1415 2110 1500 2152 duo
1532 2111 1733 2154 lateraiia
1765 2113 1947 2168 fertilia,

164 2181 424 2225 intermedio
457 2182 616 2224 sterili.
677 2182 873 2224 Anthera
906 2182 1192 2225 bilocularis:
1237 2183 1369 2225 loculi
1416 2183 1745 2239 dissepimentis
1788 2184 1951 2228 incom-

165 2255 300 2313 pletis
348 2269 482 2310 saepe
527 2255 602 2296 bi·
631 2255 701 2296 vel
746 2254 1012 2309 quadrifidi;
1066 2255 1234 2297 sacculi
1282 2255 1461 2298 discreti
1503 2262 1544 2298 et
1585 2256 1798 2298 lateribus
1843 2258 1951 2312 styli

168 2329 288 2370 ultra
318 2327 520 2384 producti
554 2326 734 2381 adnati,
782 2327 852 2368 vel
896 2327 1043 2368 coaliti
1087 2333 1129 2369 et
1171 2334 1274 2370 tunc
1305 2328 1483 2369 anthera
1517 2328 1752 2370 immobilis
1787 2335 1826 2371 et
1858 2344 1954 2386 per·

169 2401 366 2454 sistens,
400 2400 469 2441 vel
502 2399 698 2452 mobilis,
732 2399 1084 2454 opereuliformis
1118 2404 1159 2440 et
1190 2400 1387 2441 decidua.
1451 2399 1606 2442 Pollen
1641 2402 1953 2458 conglobatum

168 2473 216 2517 in
249 2486 420 2515 massas
455 2484 663 2513 ceraceas
694 2471 764 2512 vel
796 2469 1084 2528 granulost,
1127 2472 1328 2528 granulis
1363 2472 1494 2514 facile
1526 2475 1851 2529 separabilibus
1883 2475 1955 2518 vel

169 2547 351 2589 elastice
383 2543 739 2589 cohaerentibus.
800 2542 975 2600 Stigma
1007 2544 1050 2585 in
1084 2545 1300 2586 anteriore
1332 2550 1373 2587 et
1414 2545 1643 2600 superiore
1683 2547 1789 2602 styli
1833 2553 1956 2603 parte

172 2619 324 2670 situm,
360 2630 466 2659 area
497 2616 620 2658 visco
653 2616 837 2658 obducta
870 2621 912 2658 et
943 2616 1150 2672 superius
1185 2618 1359 2673 apiculo
1391 2618 1459 2659 vel
1489 2619 1669 2672 lamina,
1708 2620 1955 2677 (rostello‚)

170 2692 466 2734 terminatum.
530 2687 723 2745 capsula
754 2689 879 2731 rimis
911 2691 939 2733 3
971 2689 1371 2746 longitudiualibus
1402 2690 1653 2733 dehiscens.
1707 2691 1824 2734 Sem.
1859 2706 1956 2735 sco·

171 2764 394 2807 biformia.
458 2760 656 2816 Embryo
688 2762 742 2803 ad
776 2763 902 2804 basin
938 2762 1175 2804 albuminis
1206 2763 1396 2805 carnosi.
1458 2764 1649 2816 Herbae‚
1684 2765 1804 2807 foliis
1833 2766 1956 2823 vagi-

172 2838 382 2880 nantibus
415 2836 485 2878 vel
518 2836 943 2891 amplexicaulibus,
989 2836 1207 2878 interdum
1252 2836 1296 2877 in
1342 2850 1549 2891 squamas
1593 2837 1816 2880 decolores
1849 2851 1957 2880 con-

174 2910 355 2961 tractis,
390 2908 574 2950 floribus
609 2908 794 2964 spicatis
827 2909 1088 2961 bracteatis,
1141 2908 1289 2951 radice
1321 2909 1587 2952 fasciculam
1617 2910 1688 2962 vel
1728 2924 1752 2951 e
1796 2911 1959 2953 tuberi-

175 2983 257 3024 bus
302 2985 328 3026 2
369 2981 561 3040 integris
613 2981 876 3038 palmatisve
925 2981 1199 3038 composita,
1253 2995 1436 3038 quorum
1487 2982 1670 3025 alterum
1719 2983 1959 3038 quotannis

177 3053 302 3110 perit.

293 3153 418 3196 Trib.
452 3154 487 3195 Ι.
555 3154 1070 3198 OPHRFDIVEAE.
1113 3154 1305 3200 Anthera
1328 3159 1417 3200 1013
1440 3154 1617 3200 31111313.
1659 3154 1848 3241 Massae
1866 3156 1964 3216 pol·

182 3212 288 3256 linis
321 3212 566 3267 lobulatae,
599 3214 780 3258 elastica
812 3214 1114 3260 cohaerentes.
