2200 3525
111 111 235 150 rot.
767 94 1220 153 GRAMINEAE.
1782 107 1883 156 803

100 256 147 299 in
177 254 366 298 Mz'ibren
399 268 441 298 u.
474 255 853 315 Unteu'istreicli.)
884 257 991 302 Mai.
1021 256 1129 303 Jun.
1150 289 1165 315 ,
1196 260 1242 303 ln
1275 259 1448 319 alpibus
1478 262 1637 307 serius.
1686 262 1753 306 D.
1776 263 1820 307 fl.
1843 267 1883 309 1.

100 316 202 361 606.
266 314 502 356 Reicbenb.
536 314 592 357 ic.
624 315 656 357 f.
680 317 958 362 1625·1628.
1019 315 1068 360 P.
1101 317 1312 361 badensis
1344 319 1414 367 St.
1447 320 1578 366 h.·.1.9.
1640 319 1824 366 variat:

219 393 259 444 β.
290 387 536 440 υἱυὶρανα,
580 385 766 430 floribus
808 387 855 431 in
897 388 1092 446 gemmas
1131 390 1345 436 foliaceas
1376 394 1584 436 mutatis:
1642 392 1696 438 P.
1730 394 1882 452 alpina

99 443 306 500 vivipara
337 444 390 486 L.
422 457 487 498 sp.
512 445 582 489 99.

215 516 473 582 y.·minor,
509 515 664 558 culmis
696 516 1068 574 tripollicaribus,
1101 520 1225 564 foliis
1257 521 1588 579 longiusculis,
1621 523 1883 578 pedunculis

98 575 400 616 tenuissimis:
464 571 512 614 P.
547 575 697 631 alpina
740 594 787 635 y.
828 575 970 621 Gaud.
1013 577 1128 622 helv.
1151 580 1187 623 1.
1218 580 1319 625 245.
1379 579 1433 623 In
1474 582 1659 625 summis
1702 583 1880 640 alpibus

98 632 154 675 ad
188 632 328 672 moles
361 632 592 687 glaciales,

218 706 260 750 δ.
304 704 577 757 breuisolia,
637 705 758 747 foliis
812 706 1046 761 brevibus,
1100 708 1300 765 margine
1354 709 1647 768 cartilagineo
1691 716 1880 768 angusto

100 762 289 812 cinctis,
324 762 506 803 cnlmeis
538 763 609 804 vix
641 763 953 818 semipollieem
988 766 1167 820 longis,
1209 767 1418 822 panicula
1449 768 1678 822 densiore,
1723 770 1880 824 ligulis

98 820 414 862 fasciculorum
445 821 659 861 sterilium
693 822 967 877 longioribus
998 824 1175 879 paulum
1208 826 1415 881 exsertis,
1456 832 1600 868 tamen
1632 829 1878 870 truncatis:

97 877 150 919 P.
184 880 333 932 alpina
369 879 427 921 11.
462 879 695 920 brevifolia
727 879 870 920 Gaud.
919 879 1033 922 helv.
1058 884 1093 925 1.
1125 882 1224 927 245.
1287 883 1410 926 Haec
1441 885 1644 926 varietati
1675 886 1878 940 sequenti

99 937 262 977 similis
297 941 364 977 est
397 942 437 978 et
470 936 613 978 differt
646 943 810 978 tantum
845 937 965 979 foliis
997 939 1111 981 laete
1143 938 1361 983 viridibus
1395 946 1526 996 atqu-0
1557 954 1644 984 non
1687 944 1878 999 rigidi83

96 994 330 1037 transitum
364 1001 506 1035 autem
539 994 715 1036 exhibet
747 1008 772 1035 a
803 995 955 1049 specie
985 997 1209 1052 primitiva
1240 998 1286 1039 in
1311 998 1568 1042 varietatem
1604 1007 1877 1057 sequentem.

211 1082 252 1113 ε.
285 1065 532 1119 badensis,
577 1065 700 1108 foliis
744 1066 983 1121 brevibus,
1027 1067 1156 1122 latis,
1201 1069 1387 1126 rigidis,
1434 1072 1631 1128 glaucis,
1674 1073 1878 1129 margine

95 1122 196 1166 albo
228 1125 518 1179 cartilagineo
552 1124 791 1178 praeditis3
824 1125 968 1179 ligula
1000 1131 1045 1167 ut
1077 1126 1122 1166 in
1155 1139 1246 1169 var.
1272 1131 1333 1174 d:
1377 1125 1429 1172 P.
1464 1129 1671 1172 badensis
1703 1131 1876 1174 Haenk.

93 1193 163 1235 ap.
197 1181 347 1234 Willd.
381 1195 447 1237 sp.
471 1186 506 1226 1.
538 1185 638 1226 392.
699 1181 747 1224 Ρ.
782 1182 1016 1224 brevifolia
1058 1182 1152 1226 DC.
1185 1198 1366 1243 synops.
1399 1200 1440 1242 p.
1466 1190 1564 1232 131.
1623 1185 1678 1234 Ρ.
1712 1189 1877 1232 collina.

94 1240 223 1282 Host.
256 1254 320 1297 gr.
339 1242 381 1286 2.
416 1246 445 1281 t.
467 1242 535 1283 66.
598 1240 648 1281 P.
680 1241 873 1282 trivialis
905 1239 1097 1284 Pollich.
1131 1243 1220 1298 pal.
1248 1246 1286 1290 1.
1330 1259 1372 1299 p.
1393 1243 1466 1289 84.
1526 1245 1653 1288 Koel.
1686 1260 1752 1303 gr.
1776 1250 1872 1292 157.

92 1295 148 1344 P.
179 1298 354 1341 Koeleri
387 1298 481 1340 Dc.
516 1311 612 1354 syn.
646 1310 687 1352 p.
712 1301 806 1343 131.
854 1297 906 1342 P.
937 1299 1159 1343 brizoides
1192 1301 1441 1346 Wohllebb.
1475 1305 1618 1360 suppl.
1653 1304 1694 1346 fl.
1731 1305 1873 1349 ha1.5.

89 1354 144 1399 P.
178 1356 403 1398 thermalis
437 1357 563 1399 Pers,
609 1369 709 1411 syn.
740 1361 776 1399 1.
820 1359 889 1401 90.
951 1356 1003 1405 P.
1037 1358 1262 1402 Molinerii
1307 1360 1432 1403 Balb.
1477 1362 1574 1403 add.
1619 1362 1673 1405 ad
1714 1363 1758 1405 fl.
1799 1376 1874 1418 pe·

93 1415 207 1457 den.
233 1417 305 1459 85.
364 1412 412 1458 Ρ.
445 1414 612 1456 cenisia
646 1415 885 1473 Reicheiib.
919 1414 961 1458 fl.
996 1430 1089 1462 exe.
1121 1430 1166 1473 p.
1185 1418 1254 1462 46.
1288 1418 1342 1461 ic.
1371 1423 1435 1462 11.
1467 1420 1500 1463 f.
1528 1419 1638 1465 1624
1663 1425 1704 1462 et
1731 1422 1874 1475 1625„

91 1485 180 1516 non
210 1474 299 1515 All.
329 1496 388 1505 —
446 1471 654 1515 Varietas
695 1473 915 1528 insignis,
961 1473 1040 1515 sed
1082 1475 1136 1516 ob
1181 1476 1437 1519 varietatem
1485 1486 1524 1535 β.
1569 1478 1874 1521 intermediam

20 1570 29 1587 ,
94 1531 392 1574 characterem
423 1532 630 1585 solidum,
662 1546 744 1587 quo
778 1532 1141 1587 distingueretur,
1175 1548 1325 1577 eruere
1358 1548 1443 1576 non
1476 1536 1689 1591 potui.—
1730 1537 1781 1578 P.
1805 1550 1876 1579 cc·

90 1590 212 1632 nisia
243 1591 386 1644 Host‚
431 1605 453 1633 e
499 1592 667 1632 semine
700 1591 809 1632 hort.
844 1590 1028 1633 vindob.
1061 1591 1247 1646 educta,
1288 1597 1356 1636 est
1385 1592 1442 1636 P.
1474 1593 1648 1650 alpinae
1678 1595 1871 1638 varietas

92 1649 276 1702 elatior,
310 1649 495 1706 spiculis
528 1648 796 1691 multifloris.

205 1721 303 1766 Poa
320 1721 467 1766 caesia
481 1722 758 1778 subsequens
775 1720 1031 1778 plerunque
1053 1734 1198 1764 ramos
1217 1722 1416 1779 geminos
1441 1723 1486 1766 in
1505 1723 1715 1781 panicula
1739 1725 1871 1784 gerit.

221 1848 252 1871 e.
277 1837 380 1870 Rami
394 1837 586 1880 paniculae
604 1835 800 1869 inferiore:
820 1837 935 1878 quint,
963 1837 998 1869 ln
1017 1838 1277 1878 speciminibus
1294 1838 1425 1870 macris
1443 1842 1581 1872 tantum
1599 1841 1790 1882 pauciores
1802 1842 1874 1875 ‘2-3.

88 1881 216 1916 Flores
242 1875 406 1915 obsoleto
432 1876 451 1914 5
477 1882 610 1922 nervii,
651 1884 795 1922 praeter
828 1881 966 1914 lanam.
1000 1889 1061 1911 cos
1096 1881 1314 1922 quzmdoque
1349 1885 1679 1926 constringentem,
1710 1883 1806 1917 linea
1837 1886 1875 1918 in

89 1935 204 1960 nervo
230 1926 368 1958 dorsali
392 1929 427 1958 et
452 1927 625 1966 utrinque
648 1926 685 1957 in
711 1931 820 1956 nervo
846 1924 1038 1965 marginali
1063 1925 1454 1967 sericeo-pubescente
1480 1927 1649 1969 praediti.

206 2029 248 2073 9.
298 2025 353 2072 P.
387 2036 544 2068 cAr-:su
579 2023 765 2080 (Smith.
799 2023 899 2066 brit.
922 2022 1044 2080 103.)
1087 2023 1295 2080 panicula
1337 2029 1542 2080 patente,
1584 2027 1733 2069 ramis
1774 2040 1872 2070 sca-

89 2084 210 2138 bris,
254 2083 542 2126 inferioribus
574 2083 775 2139 [seminis
803 2081 1042 2139 quinisve,
1085 2082 1275 2137 spiculis
1309 2084 1744 2127 ovato-lanceolatis
1777 2088 1872 2130 2-5

89 2144 242 2199 floris,
303 2143 484 2184 floribus
528 2141 723 2183 obsolete
765 2141 972 2183 nervosis
1014 2140 1213 2195 margine
1255 2140 1469 2196 dorsoque
1512 2144 1871 2196 pubescentibus,

89 2202 276 2256 vayinis
306 2200 573 2242 internodio
605 2186 895 2254 lonffl'oriltus
920 2199 1069 2240 nodos
1107 2199 1310 2240 culmeos
1336 2201 1616 2254 tementibus,
1650 2215 1876 2255 suprema.

80 2261 203 2316 folio
235 2273 320 2300 suo
353 2258 582 2312 lonyiori,
627 2258 774 2312 ligula
816 2257 943 2297 brevi
986 2265 1211 2297 truncata
1254 2255 1324 2298 vel
1356 2269 1562 2310 suprema
1593 2266 1750 2313 ovata,
1802 2274 1871 2302 ra·

89 2319 187 2360 dice
218 2318 382 2358 fibrosa
413 2315 670 2370 caespitosa.
704 2313 771 2368 ΖΙ..
813 2314 880 2355 Ad
923 2326 1055 2368 rupes
1091 2314 1262 2368 apricas
1296 2314 1341 2354 in
1374 2313 1562 2369 Alpibus
1597 2323 1638 2358 et
1671 2317 1870 2373 subalpi-

91 2376 193 2430 nis,
228 2375 300 2430 (in
334 2373 374 2415 d.
408 2372 616 2415 Schweiz
649 2373 766 2415 nicht
797 2372 898 2413 sehr
931 2372 1103 2421 selten5
1137 2370 1365 2412 Schlesien
1400 2385 1466 2413 am
1499 2373 1872 2428 Xiiperuickstein

89 2435 151 2477 im
184 2433 420 2486 Gesenke,
461 2430 698 2486 Altvater.)
733 2430 834 2472 Jun.
867 2428 955 2471 Jul.
1017 2427 1067 2470 P.
1100 2429 1257 2484 glauca
1291 2427 1450 2473 Smitb.
1483 2433 1599 2489 engl.
1636 2433 1676 2474 tl.
1702 2437 1736 2475 1.
1774 2436 1870 2478 128.

90 2492 282 2548 spiculis
313 2493 412 2536 2-3
442 2490 587 2542 floris;
636 2488 687 2530 P.
721 2488 867 2530 caesia
898 2485 1004 2529 ibid.
1044 2486 1226 2543 spiculis
1258 2487 1355 2531 4-5
1390 2488 1525 2530 floris.
1588 2489 1639 2533 P.
1673 2489 1871 2534 Gaudini

88 2550 143 2593 P..
178 2556 219 2592 et
251 2548 298 2592 S.
342 2553 454 2605 syst.
482 2551 523 2591 2.
563 2547 661 2592 548.
736 2547 895 2587 Planta
938 2546 1041 2587 viva
1081 2544 1259 2600 pulchre
1304 2547 1678 2603 caesio-glauca,
1728 2549 1872 2604 ligula

89 2610 259 2663 brevis,
292 2613 507 2659 truncata,
540 2607 611 2647 vel
644 2617 849 2661 suprema
879 2611 1024 2654 ovata,
1058 2616 1229 2659 semper
1262 2604 1405 2660 magis
1437 2605 1705 2660 prominens,
1740 2620 1871 2663 quam

91 2668 138 2711 in
170 2666 222 2709 P.
254 2665 481 2708 nemorali.
542 2665 700 2706 Nodus
745 2661 875 2704 culmi
920 2662 1119 2717 superior
1160 2662 1421 2717 quandoque
1468 2663 1740 2719 denudatur,
1792 2664 1873 2708 sed

92 2726 263 2768 culmus
298 2724 352 2766 ad
385 2723 557 2765 tertiam
591 2727 754 2778 partem
787 2725 951 2762 tantum
986 2719 1162 2776 vaginis
1198 2720 1381 2762 vestitus
1414 2728 1494 2763 cst.
1543 2721 1697 2765 Variat
1727 2723 1872 2766 culmo

93 2784 210 2826 laevi
243 2789 284 2826 et
315 2795 506 2836 superne
539 2779 761 2823 evidenter
793 2779 978 2826 scabro3
1027 2790 1078 2819 ex
1110 2776 1280 2820 semine
1313 2779 1489 2834 plantae
1517 2781 1699 2823 scabrae
1730 2781 1873 2837 speci·

92 2842 215 2883 mina
249 2842 407 2884 culmis
440 2840 642 2882 laevibus
675 2844 715 2880 et
747 2836 920 2879 scabris
953 2833 1098 2878 eduxi.
1158 2835 1398 2879 Gaudinus
1431 2839 1516 2880 sub
1547 2839 1763 2881 varietate
1788 2852 1873 2882 sua

92 2901 258 2956 glauca
291 2904 331 2941 et
363 2898 509 2940 caesia
540 2897 655 2939 Poac
688 2893 921 2937 nemoralis
954 2893 1190 2935 varietates
1229 2893 1359 2937 huius
1405 2902 1445 2937 et
1477 2895 1527 2938 P.
1560 2898 1738 2940 caesiae
1772 2909 1873 2941 con-

94 2958 238 3012 fudit,
262 2963 313 3000 ‘et
346 2969 427 3012 ego
458 2956 556 3012 ipsc
587 2956 631 2997 in
663 2955 717 2996 D.
751 2954 793 2996 tl.
826 2953 871 2995 in
905 2952 1088 2994 eundem
1120 2965 1308 2996 errorem
1339 2953 1493 2997 incidi.

214 3046 279 3088 10.
312 3043 364 3084 P.
391 3054 657 3084 Nnmomms
691 3039 767 3095 (L.
800 3053 865 3095 sp.
890 3039 1008 3092 102.)
1046 3038 1251 3093 panicula
1283 3044 1470 3095 patente,
1502 3041 1651 3083 ramis
1682 3040 1872 3094 scabris,

92 3102 398 3156 inferioribus
433 3102 622 3156 geminis
656 3100 884 3155 quinisve,
916 3098 1100 3152 spiculis
1133 3103 1289 3139 ovato·
1309 3099 1570 3141 lanceolatis
1601 3102 1701 3144 2-5
1733 3099 1874 3152 floris,

93 3161 274 3202 floribus
307 3161 498 3202 obsolcte
533 3159 734 3199 nervosis
768 3156 966 3210 margine
998 3155 1218 3209 dorsoque
1264 3157 1638 3212 pubescentibus,
1686 3158 1876 3214 vayinis

77 3218 360 3261 ‘internodio
403 3217 720 3270 brevioribus,
771 3214 900 3259 nodis
944 3214 1078 3257 culmi
1120 3214 1379 3268 denudatis,
1432 3216 1609 3274 υαῃίηα
1651 3222 1876 3272 suprema

1345 3304 1450 3354 51*
