2200 3525
794 146 1251 204 GRAMINEAE.
1815 165 1919 215 ⁷69

121 304 409 363 stigmatibus
443 306 552 361 2⁴²).
616 306 861 363 Caryopsis
893 323 1041 352 semen
1084 311 1246 354 nudum
1290 316 1504 361 referens.
1566 320 1799 364 Albumen
1832 324 1919 377 sa-

117 378 375 420 rinaceum.
422 379 637 432 Embryo
670 389 813 421 extra
846 382 1065 425 albumen
1095 385 1165 426 ad
1193 385 1335 429 huius
1369 389 1506 433 basin
1537 392 1674 435 situs.
1735 393 1913 450 Cauiis,

116 450 289 493 cnlmus
324 450 498 504 dictus,
529 449 685 500 nodis,
720 451 826 494 folia
858 456 1132 508 gerentibus,
1167 457 1423 502 instructus.
1485 463 1735 509 Foliorum
1765 468 1912 524 basis,

120 519 385 578 (potiolus,)
422 523 471 563 in
502 523 727 578 vayt’nam
757 526 915 568 antico
930 529 1114 582 'fissam
1147 533 1414 586 convoluta,
1450 535 1576 590 apice
1603 537 1656 579 ad
1684 526 1808 581 basin
1845 542 1910 583 fo-

114 593 167 635 lii
198 594 571 646 membranulam,
617 595 830 652 ligulam,
879 612 902 640 e
933 599 1097 654 stipula
1130 602 1480 659 intrapetiolari,
1533 623 1630 652 cum
1673 612 1910 667 superficie

112 665 312 708 interiori
347 666 540 722 vaginae
572 674 778 722 connata,
816 669 889 727 (ut
921 670 966 714 in
998 670 1342 732 Potamogetone
1373 680 1623 738 pectinato)
1656 688 1797 726 ortum
1831 685 1910 728 du-

113 742 313 792 centem,
346 738 452 781 edit.

225 865 343 910 Trib.
379 868 413 911 I.
481 871 816 916 OLI'REAE.
851 872 981 918 Nees.
1015 877 1069 918 ab
1104 876 1264 922 Esenb.
1327 881 1496 926 Flores
1528 886 1758 942 monnio-1⁸3
1791 902 1902 933 mas-

110 925 198 968 culi
230 927 439 970 femineis
473 930 736 973 dissimiles.

228 1046 263 1085 1.
298 1042 410 1084 ΖΕΑ
446 1043 522 1099 (L.
559 1058 657 1097 gen.
693 1059 732 1086 n.
752 1046 906 1101 1042.)
940 1046 1167 1092 Monoica.
1213 1052 1369 1097 Flores
1403 1059 1587 1101 masculi
1620 1061 1896 1117 terminales,

107 1104 642 1156 racemoso·panicnlati.
707 1102 895 1156 Spicula
929 1106 1109 1158 biflora,
1146 1109 1254 1152 flore
1288 1119 1473 1168 utroque
1505 1119 1671 1160 sessili.
1735 1120 1901 1164 Gluma

105 1160 132 1200 2
165 1159 341 1212 valvis;
383 1160 597 1213 glnmella
629 1164 653 1203 2
688 1163 911 1215 paleacea.
975 1163 1128 1206 Flores
1176 1167 1356 1212 feminei
1402 1173 1446 1213 in
1492 1175 1638 1230 spicas
1672 1178 1900 1235 auxiliares,

107 1215 289 1271 vaginis
335 1216 586 1269 involutas,
638 1218 859 1274 dispositi.
934 1219 1117 1276 Spicula
1162 1225 1344 1282 biflora,
1400 1231 1505 1273 flore
1550 1234 1687 1276 altero
1730 1244 1897 1280 neutro.

109 1271 273 1314 Gluma
316 1278 343 1317 2
387 1276 560 1329 valvis3
617 1278 830 1333 glumella
872 1281 899 1322 2
932 1281 1167 1335 paleacea,
1226 1287 1368 1329 valvis
1414 1291 1643 1347 paleisque
1693 1306 1897 1337 carnoso-

103 1332 478 1386 membranaceis,
514 1341 765 1377 transverse
797 1337 1031 1394 oblongis,
1067 1343 1332 1385 convolutis.
1397 1345 1550 1404 Stylus
1581 1350 1894 1407 longissimus,

108 1390 274 1446 stigma
304 1391 528 1433 subtiliter
572 1393 784 1435 ciliatum.
851 1394 1148 1452 Caryopsides
1194 1402 1801 1462 snbrotundo-reniformes,
1849 1413 1895 1454 in

109 1449 252 1490 series
283 1451 341 1504 8,
387 1462 464 1504 per
509 1452 630 1505 paria
673 1453 997 1507 approximat-as
1031 1455 1301 1515 dispositae,
1345 1463 1416 1504 axi
1459 1478 1645 1508 carnoso
1687 1468 1893 1513 insertae.
1925 1498 1940 1522 J

100 1504 153 1547 N.
187 1507 239 1548 ab
273 1507 322 1548 E.
354 1521 454 1564 gen.
490 1510 558 1551 14.
601 1509 664 1553 19.
700 1513 770 1554 20.
1910 1526 1930 1544 .-¹

221 1596 259 1636 1.
308 1592 361 1634 Z.
397 1593 529 1636 MAYs
565 1594 641 1650 (L.
678 1610 747 1651 sp.
771 1597 924 1653 1378.)
959 1597 1033 1657 Ε)
1079 1598 1144 1643 Ex
1174 1602 1376 1648 Amerina
1421 1611 1603 1653 australi
1637 1613 1799 1668 allata,
1844 1617 1891 1659 in

101 1662 230 1692 usum
264 1654 595 1696 oeconomicum
628 1655 804 1699 colitur.
865 1657 922 1700 N.
957 1659 1013 1701 ab
1047 1656 1100 1702 E.
1133 1660 1163 1708 1.
1198 1675 1234 1705 c.
1267 1662 1382 1708 icon.
1444 1666 1578 1726 Mays
1609 1670 1700 1714 Zea
1732 1674 1890 1719 Giirtn.

99 1708 234 1753 fruct.
256 1714 296 1753 1.
330 1724 372 1766 p.
388 1710 429 1754 6.
463 1717 496 1754 t.
517 1716 554 1756 1.
1725 1730 1859 1775 Colit.

215 1855 339 1898 Trib.
365 1856 426 1898 11.
489 1858 1118 1906 ANDROPOGONEAE.
1153 1864 1317 1908 Kuntb.
1343 1882 1485 1913 enum.
1509 1875 1545 1916 1.
1576 1888 1614 1930 p.
1630 1873 1728 1919 470.
1783 1877 1887 1932 Spi-

96 1913 230 1956 culae
271 1930 301 1956 a
342 1916 484 1957 dorso
528 1931 854 1971 compressae,
907 1923 1117 1975 1florae
1151 1939 1255 1966 cum
1297 1929 1565 1973 rudimento
1595 1934 1739 1987 floris
1771 1935 1888 1990 infe-

95 1972 239 2014 rioris
287 1974 495 2029 paleaeeo
544 1976 612 2016 vel
660 1990 756 2017 cum
809 1979 912 2020 flore
966 1981 1176 2022 inferiore
1223 1986 1430 2028 masculo.
1510 1989 1649 2032 Valva
1700 1992 1887 2036 inferior

95 2031 254 2072 maior.
331 2030 450 2086 Styli
496 2033 646 2085 longi3
701 2035 909 2089 stigmate
953 2040 1348 2096 aspergilliformi,
1408 2047 1490 2088 sub
1541 2050 1667 2103 apice
1714 2051 1888 2093 flosculi

92 2091 348 2144 emergenti.
382 2114 441 2120 -—
501 2091 713 2145 Spiculae
746 2094 813 2135 ad
842 2096 1071 2138 articulos
1102 2100 1256 2153 spicae
1290 2102 1358 2143 vel
1391 2105 1652 2158 paniculae,
1707 2112 1888 2152 maturi-

94 2150 183 2188 tate
214 2148 471 2203 plerumque
504 2149 681 2203 fragilis
715 2157 755 2192 et
787 2154 1009 2208 geniculis
1043 2158 1318 2210 secedentis,
1350 2163 1589 2215 yeminae,
1625 2166 1762 2208 altera
1793 2183 1886 2209 ses-

91 2205 198 2255 sili,
233 2206 370 2247 altera
403 2207 699 2263 pedicellata3
730 2211 1003 2255 terminales
1035 2221 1223 2268 ternae,
1257 2217 1538 2264 lateralibus
1565 2225 1883 2279 pedicellatis,

91 2263 374 2306 intermedia
408 2266 578 2307 sessili.

205 2382 247 2422 2.
280 2359 637 2422 ΕΒΙᾸΝΤΗΠΒ
674 2380 910 2436 (Richard.
943 2385 988 2426 in
1019 2384 1159 2429 Palis.
1193 2388 1247 2430 de
1279 2391 1441 2435 Beauv.
1471 2408 1563 2453 agr.
1588 2410 1630 2454 p.
1652 2397 1746 2454 14.)
1781 2399 1881 2457 Spi-

89 2436 217 2480 culae
248 2450 398 2479 omnes
431 2437 840 2496 hermaphroditae3
873 2448 1018 2484 cetera
1052 2451 1096 2487 ut
1127 2447 1474 2507 Andropoginis.

209 2526 247 2566 1.
300 2521 348 2564 E.
381 2523 639 2566 {lavemus
688 2526 810 2581 (Pal.
854 2528 896 2570 d.
940 2529 1105 2573 Beauv.
1152 2547 1244 2590 agr.
1274 2536 1366 2593 14.)
1419 2539 1625 2593 panicula
1668 2546 1877 2588 ramosis·
1917 2559 1995 2572 -·

88 2580 228 2630 sima,
262 2581 386 2624 foliis
420 2585 664 2639 carinatis,
697 2585 842 2627 valvis
876 2587 1080 2642 spiculae
1112 2593 1288 2633 sessilis
1321 2597 1525 2651 glabris,
1565 2601 1765 2655 spiculae
1800 2618 1875 2660 pe·

88 2638 322 2681 dicellatae
357 2642 452 2682 basi
488 2641 671 2696 pilosis,
719 2643 825 2698 pilis
858 2646 1074 2700 spiculam
1108 2649 1394 2703 cingentibus
1429 2669 1613 2712 eamque
1645 2665 1874 2716 aequanti-

89 2696 183 2739 bus.
216 2694 285 2754 21..
319 2697 370 2741 ln
401 2701 610 2742 arenosis
644 2700 838 2746 humidis
872 2717 965 2762 reg.
999 2712 1154 2763 austu,
1191 2707 1298 2766 (auf
1325 2711 1365 2754 d.
1393 2712 1513 2759 Insel
1541 2715 1749 2776 Cherso.)
1782 2721 1873 2767 Jul.

148 2924 197 2967 ²⁸¹)
221 2926 399 2982 Stigmata
422 2932 580 2983 optimos
605 2933 1028 3011 praebent-chaffacteres
1054 2940 1089 2972 ln
1114 2939 1256 2975 difficili
1282 2944 1348 2978 hoc
1374 2946 1521 2991 ordine;
1547 2955 1635 2985 sunt

216 2973 1785 3080 .2÷¹.;„‚‘³¹;“2’‚2¹;':i¹’pfl3³2:AE122¹55,..3:;3,.‘¹2¹5†‘5.¹;22525323,²23?.÷.2‘.?.:‚:;¹¹¹'““‘’
1810 3001 1869 3034 '⁶¹

255 3060 287 3091 2.
313 3062 656 3102 aspergilliformia:
687 3065 891 3098 formantur
915 3069 1012 3108 stylo
1039 3070 1222 3114 elongato,
1247 3082 1406 3115 superne
1432 3080 1517 3120 pilis
1538 3081 1768 3125 longioribus
1787 3086 1870 3121 den-

211 3102 290 3133 sius
316 3106 499 3144 congesti·
523 3107 684 3149 undique
711 3110 852 3151 obsito,
888 3115 998 3153 atque
1031 3116 1099 3145 sub
1131 3117 1235 3157 apice
1269 3117 1325 3150 vel
1358 3129 1376 3152 e
1407 3123 1524 3155 medlo
1557 3125 1659 3159 tionis
1693 3130 1869 3173 utrinque

213 3152 500 3230 egfrgllunriibsa:
525 3193 561 3224 ln
589 3193 666 3225 basi
692 3193 793 3226 floris
819 3197 1067 3240 egrediuntur,
1093 3199 1149 3232 vel
1177 3200 1307 3236 ibidem
1332 3205 1475 3242 inclusa
1499 3212 1742 3255 occultantur,
1763 3217 1866 3258 stylo

209 3231 308 3263 brevi
333 3232 388 3263 vel
418 3236 540 3266 ovario
567 3237 635 3278 ipsi
662 3238 821 3271 insident
845 3243 880 3270 et
904 3249 1012 3285 saepe
1037 3251 1080 3275 ex
1098 3245 1184 3285 pilis
1210 3245 1375 3282 distichis
1402 3253 1456 3284 vel
1476 3254 1671 3290 unifariam
1695 3259 1740 3292 ud
1768 3260 1867 3294 latu·

209 3276 380 3316 superlu-
405 3276 552 3310 directi·
578 3282 782 3322 composita
807 3286 909 3316 sunt.

1323 3366 1388 3416 49
