2200 3525
306 127 405 180 378
942 119 1436 176 (ΣΟΜΡΟΞΙΤΑΕ.

416 288 486 331 37.
521 280 1073 327 CHRYSANTHEMUM
1106 283 1174 338 (L.
1208 298 1308 341 gen.
1341 298 1385 332 n.
1400 285 1520 340 966.)
1561 285 1848 329 Involucrum
1879 287 2074 344 planius·

302 345 444 389 culum
476 344 546 384 vel
577 340 1002 396 hemisphaericum,
1031 343 1329 387 -imbricatum.
1385 344 1538 387 Flores
1571 345 1683 387 disci
1715 345 2073 402 hermaphroditi,

299 401 515 452 tubulosi,
561 400 726 441 corolla
769 401 1042 455 ecalcarata,
1083 403 1216 443 limbo
1247 405 1274 446 5
1307 402 1511 457 dentat03
1554 403 1826 460 marginales
1868 405 2072 460 feminei,

297 459 500 516 ligulati,
533 459 637 500 tubo
671 470 943 512 compresso.
1004 460 1198 502 Achenia
1229 461 1496 515 conformia,
1532 463 1727 513 exoluta,
1768 476 1911 519 pappo
1941 463 2074 505 desti-

295 524 409 567 tuta,
455 517 657 574 margine
688 517 882 558 obsoleto
914 517 984 559 vel
1017 519 1114 573 plus
1147 519 1350 560 minusve
1381 520 1654 575 prominulo,
1689 521 1757 562 vel
1790 521 1835 562 in
1869 528 2073 564 coronam

294 576 536 632 producto,
585 573 857 617 terminata„
895 575 1234 632 Receptaculum
1278 576 1472 631 nudum,
1526 579 1853 635 planiusculum
1887 580 1959 622 vel
2000 580 2073 622 he-

292 633 643 691 misphaericum.

1008 690 1032 717 *²
1057 692 1193 724 Radius
1218 692 1337 725 albus.

405 782 443 822 1.
489 777 536 820 C.
572 776 960 820 LEncANTHEMUM
1002 779 1080 833 (L.
1123 792 1194 834 sp.
1223 778 1376 835 1251.)
1417 779 1553 834 foliis
1593 780 1898 835 inferioribus
1938 783 2071 839 longe

287 835 509 891 petiolatis
541 837 1036 893 obovato—spathulatis
1070 839 1306 892 crematis,
1346 839 1671 892 superioribus
1714 840 1948 881 sessilibus
1992 843 2066 882 ob-

287 895 708 953 longo-linearibus
741 895 972 950 serratis,
1015 897 1253 938 serraturis
1297 897 1454 938 baseos
1500 897 1833 954 angustioribus
1866 898 2066 940 acutiori·

287 955 485 1010 busque,
531 953 741 996 acheniis
779 949 994 996 amitibus
1026 955 1251 997 coronula
1284 955 1540 998 destitutis.
1573 952 1642 1011 21..
1675 954 1728 997 In
1757 956 1901 1012 pratis
1934 962 1976 998 et
2004 957 2068 999 lo-

284 1013 350 1056 cis
384 1012 631 1070 sylvaticis.
692 1012 799 1054 Jun.
833 1011 925 1060 Jul.
989 1011 1052 1055 St.
1085 1013 1124 1054 h.
1146 1017 1188 1058 2.
1248 1011 1432 1056 Variat:

398 1094 438 1146 β.
471 1093 715 1138 atratum,
760 1084 948 1140 humile,
994 1086 1216 1141 palmare,
1258 1087 1575 1141 spithameum‚
1618 1086 1729 1129 folia
1759 1086 1911 1129 infima
1941 1086 2066 1143 apice

281 1144 437 1187 obtuse
467 1144 628 1187 triloba
659 1150 701 1185 et
731 1145 932 1199 margine
963 1144 1249 1200 integerrima
1279 1146 1350 1186 vel
1382 1145 1547 1187 ibidem
1579 1144 1709 1188 dente
1742 1160 1827 1188 uno
1871 1147 2066 1187 alterove

282 1203 474 1245 acutiore
505 1201 731 1258 praedita,
781 1203 936 1244 foliola
977 1204 1195 1245 involucri
1239 1202 1438 1260 margine
1469 1205 1558 1247 lato
1601 1205 1864 1247 atro-fusco
1896 1204 2061 1247 cincta:

282 1260 333 1304 C.
368 1266 552 1304 atratum
585 1259 731 1303 Gaud.
766 1260 880 1302 helv.
901 1263 942 1305 5.
973 1261 1102 1314 344„
1138 1275 1220 1304 nec
1250 1261 1386 1304 Linn.
1565 1269 1603 1292 Γ·

392 1351 433 1392 2.
467 1346 532 1390 C.
565 1360 827 1390 MONTANUM
871 1347 947 1405 (L.
982 1361 1048 1404 sp.
1073 1346 1223 1404 1252.)
1256 1348 1394 1402 foliis
1433 1348 1738 1403 ivfferioribus·
1778 1349 1981 1405 oblongis
2012 1349 2060 1391 in

278 1405 484 1460 petiolum
529 1406 766 1448 attenuatis
809 1407 1065 1449 obovatisve
1121 1407 1356 1458 crenatis,
1411 1407 1763 1461 insequentibus
1817 1408 2059 1450 sessilibus

277 1465 539 1506 lanceolatis
582 1464 914 1520 linearibusque
954 1465 1184 1518 serratis,
1240 1466 1478 1507 serraturis
1522 1469 1682 1507 baseos
1726 1466 2058 1522 angustioribus

276 1523 649 1577 acutioribusque‚
687 1524 890 1565 acheniis
923 1524 1037 1565 radii
1071 1525 1297 1566 coronula
1328 1524 1664 1566 membranacea
1695 1523 1924 1567 dimidiata
1955 1523 2059 1565 den-

276 1585 366 1623 tata
396 1580 509 1623 tubo
542 1581 735 1622 dimidio
768 1582 978 1624 breviore
1009 1583 1283 1636 terminatis,
1325 1582 1438 1624 disci
1472 1583 1681 1624 coronula
1713 1581 1949 1624 destitutis.
1983 1578 2054 1636 21..

276 1639 325 1680 In
361 1639 526 1695 alpium
557 1640 738 1694 pascuis
770 1646 811 1682 et
842 1654 920 1696 per
951 1642 1091 1682 latera
1120 1642 1297 1697 Alpium
1330 1641 1639 1683 meridionalia
1675 1641 1722 1682 in
1765 1644 1936 1682 montes
1979 1640 2056 1680 hu-

275 1698 468 1739 miliores
515 1701 570 1740 ad
624 1713 743 1739 mare
784 1699 1042 1741 adriaticum
1092 1707 1235 1754 'usque
1283 1699 1569 1742 descendens.
1639 1699 1743 1740 Jun.
1776 1698 1867 1740 Jul.
1940 1698 2053 1741 Tres

272 1756 508 1811 praecipue
551 1757 717 1798 formae
748 1766 1007 1810 occurrunt,
1052 1759 1181 1799 valde
1215 1758 1552 1810 memorabiles,
1603 1771 1742 1812 quae,
1778 1769 1909 1812 quum
1952 1756 2054 1798 cha-

272 1820 489 1866 racteres,
540 1815 698 1869 quibus
730 1815 855 1870 ipsae
886 1830 962 1871 pro
1005 1817 1238 1873 speciebus
1283 1822 1612 1874 agnoscantur,
1658 1815 1848 1856 nondum
1892 1814 2053 1870 reperti

270 1872 383 1924 sint,
417 1873 464 1913 in
496 1873 606 1914 locis
639 1887 785 1915 earum
818 1875 1040 1916 natalibus
1075 1874 1259 1917 ulterius
1292 1880 1394 1917 sunt
1426 1874 1757 1926 observandae3
1800 1887 1826 1917 a
1859 1872 1907 1915 C.
1940 1873 2052 1915 Leu-

270 1930 497 1973 canthemo
528 1932 737 1972 coronula
768 1932 965 1973 ovarium
997 1933 1261 1975 terminante
1292 1946 1443 1975 omnes
1478 1931 1824 1989 distinguuntur.

384 2021 431 2048 α.
466 2004 720 2056 adustum,
754 2004 863 2046 folia
894 2005 1045 2046 infima
1075 2006 1276 2058 obovata,
1309 2005 1356 2046 in
1387 2005 1598 2060 petiolum
1632 2005 1779 2046 subito
1811 2008 2049 2059 contracta,

268 2073 422 2115 grosse
453 2067 656 2115 crenata3
698 2063 874 2104 caulina
915 2064 1186 2114 lanceolata,
1240 2068 1404 2105 remote
1445 2068 1629 2105 serrata.
1690 2063 1798 2104 Flos
1839 2076 2046 2118 magnus,

269 2119 483 2161 involucri
515 2119 669 2161 foliola
700 2122 900 2177 margine
931 2122 1019 2162 lato
1053 2121 1314 2164 atro-fusco
1356 2121 1527 2163 cincta:
1592 2119 1639 2162 C.
1673 2119 2046 2163 Leucanthemum

268 2177 325 2220 11.
357 2176 554 2233 alpinum
589 2177 734 2220 Gaud.
768 2179 880 2221 helv.
903 2182 943 2222 5.
978 2180 1168 2235 p.342.3
1201 2179 1282 2221 hoc
1312 2179 1360 2220 in
1391 2179 1556 2234 alpium
1588 2179 1781 2234 pascuis.

378 2258 418 2308 β.
451 2249 844 2306 keterophffllum,
878 2252 1028 2306 altius,
1060 2251 1170 2293 folia
1201 2252 1351 2293 infima
1382 2251 1591 2307 oblonga,
1628 2251 1672 2292 in
1707 2251 1914 2306 petiolum
1947 2264 2043 2292 sen—

263 2307 345 2350 sim
377 2313 624 2363 attenuata,
669 2311 896 2365 superiora
937 2311 1183 2352 lanceolata
1215 2310 1548 2365 subaequaliter
1579 2315 1775 2361 serrata,
1822 2308 2044 2351 involucri

260 2367 413 2408 foliola
443 2372 543 2409 ante
576 2368 816 2425 marginem
849 2370 1226 2411 lato-scariosum
1260 2369 1379 2411 linea
1410 2373 1600 2425 angusta
1637 2368 1914 2410 fuscescente
1962 2381 2041 2408 no-

260 2429 372 2469 tata:
437 2424 484 2467 C.
519 2431 703 2469 atratum
737 2447 779 2472 α.
812 2427 862 2469 L.
897 2441 964 2483 sp.
990 2428 1120 2478 2142,
1160 2442 1212 2468 ex
1243 2440 1521 2483 synonnymo
1556 2425 1604 2469 C.
1633 2425 1850 2467 Bauliini:
1897 2424 2040 2467 Bellis

259 2483 409 2539 alpina
439 2483 604 2539 maior,
649 2485 758 2528 folio
789 2486 965 2542 rigido,
1004 2486 1147 2540 prodr.
1174 2488 1281 2538 120,
1330 2499 1426 2526 cum
1465 2485 1604 2527 icone.
1663 2484 1711 2527 C.
1746 2485 2040 2526 lanceolatum

256 2540 504 2598 Pers.'syn.
525 2545 565 2585 2.
600 2557 641 2600 p.
660 2544 759 2589 460.
813 2543 862 2587 C.
896 2545 1243 2600 heterophyllum
1275 2543 1456 2588 Willd.!
1490 2557 1555 2601 sp.
1574 2543 1712 2598 21423
1746 2556 1901 2583 nomen
1935 2555 2040 2583 vero

255 2600 370 2642 haud
409 2606 580 2657 aptum,
641 2616 666 2644 e
703 2603 944 2658 specimine
989 2604 1044 2645 ab
1088 2602 1288 2645 Balbisio
1329 2603 1492 2656 misso,
1550 2602 1633 2643 sub
1677 2615 1720 2642 n.
1755 2601 1935 2650 16164„
1989 2599 2037 2640 in

254 2658 453 2710 herbario
485 2659 638 2702 Willd.
672 2667 926 2714 asservato,
972 2662 1098 2704 cuius
1129 2661 1238 2704 folia
1269 2660 1445 2702 caulina
1478 2674 1584 2703 casu
1617 2659 1800 2714 quodam
1834 2657 2035 2699 mutilata

251 2717 454 2769 fuerunt,
489 2723 642 2760 ortum.
703 2719 1072 2765 Phalacrodiscus
1105 2719 1376 2762 lanceolatus
1410 2719 1536 2761 Less.
1572 2732 1669 2774 syn.
1703 2731 1745 2772 p.
1771 2717 1903 2767 253.;
1952 2714 2034 2757 hoc

250 2775 306 2818 ad
336 2775 476 2818 latera
507 2776 816 2821 meridionalia
847 2778 1012 2835 alpium
1043 2778 1216 2822 crescit.
1270 2776 1325 2822 In
1356 2777 1617 2837 regionibus
1650 2773 1958 2816 humilioribus
1987 2773 2034 2815 in

249 2834 506 2877 varietatem

364 2924 410 2969 y.
456 2917 737 2950 montanum
780 2909 972 2951 transire
1011 2907 1210 2963 videtur3
1269 2908 1372 2950 huic
1414 2907 1562 2950 caules
1609 2908 1711 2946 sunt
1756 2903 2031 2956 humiliores,

249 2962 358 3005 folia
389 2965 605 3008 radicalia
636 2980 753 3009 nunc
783 2967 996 3020 obovata,
1041 2980 1158 3008 nunc
1199 2966 1394 3022 oblonga
1436 2970 1478 3007 et
1519 2963 1684 3005 sensim
1730 2962 1774 3002 in
1820 2963 2030 3017 petiolum

179 3068 184 3069 ⁷
249 3027 497 3078 attenuata,
532 3038 647 3067 nunc
679 3026 770 3068 fere
801 3026 1069 3077 lanceolata,
1102 3038 1233 3079 parce
1267 3023 1470 3078 dentata;
1515 3021 1688 3062 caulina
1720 3020 2026 3061 lineari-lan·

247 3081 414 3122 ceolata
445 3089 487 3123 et
518 3083 731 3135 linearia,
775 3091 938 3126 remote
981 3088 1175 3135 serrata,
1219 3090 1260 3123 et
1302 3094 1435 3136 saepe
1465 3079 1859 3135 subintegerrima,
1906 3078 2027 3118 invo-

243 3135 356 3180 lucri
385 3140 540 3182 foliola
569 3142 690 3184 linea
721 3144 1000 3194 atro-fusca,
1034 3154 1152 3182 nunc
1184 3144 1400 3196 angusta,
1444 3151 1562 3179 nunc
1593 3139 1698 3188 lata,
1734 3138 1912 3178 cincta:
1974 3134 2024 3176 C.

242 3201 494 3295 {numanum
536 3198 588 3245 L.
634 3214 700 3260 sp.
724 3204 847 3251 1252.
918 3199 1132 3245 Fortasse
1174 3198 1257 3247 boc
1299 3209 1473 3257 quoque
1513 3196 1560 3238 in
1593 3195 1642 3244 C.
1676 3193 2024 3254 graminifolium

260 3254 413 3299 ransit-
