2200 3525
138 227 435 265 summum.
820 205 1289 262 CRUCIFERAE.
1858 213 1921 260 53

137 373 266 414 cellis
309 370 515 413 brevibus
560 373 602 410 et
647 369 798 423 calyce
840 369 935 410 basi
980 371 1198 414 bisaccato
1242 372 1530 429 dignoscitur.
1592 369 1645 411 E.
1678 382 1916 412 canescens

138 431 377 485 pedicellos
411 430 537 469 habet
571 427 847 484 longitudine
880 429 1047 481 calycis
1081 432 1149 471 vel
1184 432 1256 471 vix
1283 432 1505 472 breviores
1531 433 1572 470 et
1595 429 1789 483 calycem
1816 428 1916 469 basi

67 537 73 541 ,
137 488 253 531 haud
284 487 517 541 conspicue
551 487 830 527 bisaecatum.
894 485 1083 541 Specim.
1119 488 1310 529 florifera
1344 490 1464 530 sicca
1496 487 1544 528 E.
1577 486 1809 528 lanceolati
1856 487 1908 526 ab

46 695 94 704 ἢ

140 547 197 588 iis
231 546 280 591 E,
315 544 582 598 crepidifolii
615 557 750 598 aegre
782 558 915 598 saepe
948 544 1304 600 distinguuntur,
1349 547 1581 588 fructifera
1611 545 1775 602 siliqua
1808 558 1913 599 qua-

139 603 396 661 drangulari
430 601 608 658 angulis
642 603 902 656 prominulis
934 604 1082 643 statim
1118 602 1448 658 dignoscuntur.

255 677 324 718 10.
359 673 407 714 Ε.
442 687 653 715 PALLENS
686 673 1007 729 (Cheiranthus
1042 674 1212 715 Haller.
1262 674 1320 716 fil.
1367 677 1411 716 in
1446 675 1715 719 Schleicheri
1759 676 1919 717 catalo-

135 732 235 790 gis)
280 733 356 774 fol.
404 733 872 774 lineari-lanceolatis
914 733 1214 789 integerrimis
1263 734 1332 774 vel
1376 742 1537 777 remote
1581 734 1769 776 dentatis
1807 733 1918 788 pilis

136 791 426 845 simplicibus
459 791 803 843 scabriusculis,
849 791 1133 832 inferioribus
1171 792 1487 832 obtusiusculis
1531 794 1575 833 in
1614 792 1819 847 petiolum
1854 796 1917 832 at-

137 851 362 903 tenuatis,
417 850 724 904 superioribus
770 849 1013 890 linearibus
1058 849 1226 902 acutis,
1282 850 1522 902 peclicellis
1565 852 1724 904 calyce
1776 849 1918 903 duplo

138 908 338 961 triplove
381 907 700 960 brevioribus,
745 908 927 964 siliquis
969 909 1438 963 quccdranyularibus
1466 909 1708 962 puberulis
1739 909 1813 950 vel
1840 922 1917 949 ca-

138 966 454 1019 nascentibus,
505 966 798 1021 lonyicudine
840 966 955 1019 styli
995 966 1297 1008 latitudinem
1326 967 1525 1023 siliquae
1565 966 1634 1007 his
1677 975 1803 1007 terve
1845 980 1920 1008 su-

129 1033 344 1083 perante.
379 1022 448 1081 Zp.
492 1025 544 1065 In
579 1025 789 1067 montosis
822 1024 1020 1079 asperis,
1068 1026 1320 1080 subalpinis
1354 1033 1394 1066 et
1438 1025 1627 1080 alpibus.
1675 1023 1756 1079 (im
1790 1024 1914 1075 Jura,

134 1084 194 1124 im
214 1083 390 1135 wallis,
426 1084 470 1123 in
501 1081 650 1137 Tyrol,
685 1082 794 1123 auch
828 1082 972 1123 finden
1006 1083 1312 1140 sichExempl.
1346 1089 1473 1125 unier
1506 1084 1600 1124 dem
1634 1095 1713 1125 aus
1739 1081 1914 1135 Steyer-

136 1143 258 1183 mark
290 1142 542 1183 erhaltenen
575 1140 623 1180 E.
656 1139 988 1194 lanceolatum.)
1021 1141 1127 1181 Mai.
1160 1141 1265 1186 Jun.
1300 1141 1358 1186 D.
1393 1142 1434 1182 fl.
1455 1142 1494 1183 [ι.
1530 1139 1626 1185 694.
1690 1140 1737 1180 Ε.
1771 1140 1913 1181 helve-

135 1200 268 1241 ticum
303 1199 444 1240 Gaud.
477 1198 518 1240 fl.
554 1199 665 1239 belv.
687 1197 726 1241 4.
760 1201 859 1242 363.
890 1199 1012 1241 Dec.
1047 1205 1157 1254 syst.
1180 1202 1218 1242 2.
1254 1202 1355 1251 501,
1379 1215 1456 1240 nec
1487 1199 1612 1253 Jacq.
1673 1197 1722 1238 E.
1757 1198 1914 1239 rhaeti-

136 1272 232 1303 cum
257 1257 379 1301 DeC.
410 1263 517 1312 syst.
533 1259 573 1299 2.
598 1259 697 1302 503.
735 1257 1026 1299 Cbeirantbus
1060 1258 1281 1300 rhaeticus
1310 1256 1558 1299 Schleieh.1
1595 1255 1643 1298 C.
1673 1256 1914 1297 helveticus

135 1315 283 1359 Schl.!
317 1321 358 1357 et
388 1314 436 1356 C.
459 1315 648 1370 pumilus
667 1314 817 1357 Schl.!
853 1329 905 1358 ex
928 1316 1242 1372 speciminibus
1270 1317 1375 1358 mihi
1401 1315 1689 1358 transmissis.
1734 1312 1914 1355 variat:

253 1393 298 1420 α,
331 1374 407 1416 fol.
441 1373 739 1429 integerrimis
779 1379 820 1416 et

252 1442 292 1492 β.
328 1432 599 1485 dentatum5
643 1433 720 1473 fol.
765 1438 927 1476 remote
968 1433 1184 1475 dentatis:
1249 1433 1299 1476 E.
1346 1432 1648 1475 ochroleucum
1690 1429 1840 1473 Deo!
1874 1430 1916 1472 fl.

136 1492 189 1534 fr.
208 1494 249 1535 2.
283 1493 379 1535 658.
415 1490 559 1532 Gaud.
593 1491 767 1534 1]ο1ν.4.
799 1493 898 1536 306.
962 1491 1257 1534 Cheirantbus
1291 1492 1574 1534 ochroleucus
1606 1492 1727 1532 Hali.
1764 1490 1824 1533 fil.
1866 1489 1914 1530 iu

137 1549 356 1592 Schleich.
405 1556 486 1590 cat.
529 1547 625 1590 DC.
670 1555 778 1603 syst.
800 1554 842 1594 2.
889 1552 984 1597 181.
1048 1550 1342 1594 Cheiranthus
1387 1550 1651 1592 decumbens
1697 1547 1918 1589 Schleich.

137 1608 319 1649 Praeter
362 1608 564 1650 foliorum
609 1607 790 1660 dentem,
840 1607 885 1650 in
929 1610 1010 1650 hoc
1052 1623 1213 1666 genere
1256 1623 1384 1663 quam
1429 1609 1615 1649 maxime
1658 1607 1913 1658 variabiles,

138 1666 427 1708 differentiam
472 1666 588 1707 inter
630 1666 680 1707 E.
715 1666 1020 1708 ochroleucum
1062 1673 1103 1708 et
1148 1668 1318 1722 palleus
1363 1680 1449 1708 non
1492 1665 1690 1721 reperio3
1744 1679 1825 1705 nec
1863 1664 1914 1703 E.

136 1726 427 1767 lanceolatum
473 1724 621 1779 specie
667 1724 818 1767 differe
863 1726 971 1767 mihi
1013 1739 1269 1779 persuasum
1313 1725 1479 1780 habeo,
1540 1739 1635 1765 cum
1685 1722 1915 1780 longitudo

137 1784 244 1839 styli
274 1784 318 1824 in
353 1783 453 1824 aliis
485 1782 717 1837 speciebus
751 1797 923 1838 quoque
953 1784 1082 1824 valde
1117 1783 1346 1825 variabilis
1379 1783 1450 1825 sit.
1494 1783 1589 1825 Has
1621 1788 1708 1824 tres
1741 1781 1914 1838 species

137 1848 236 1898 apte
267 1842 348 1884 sub
383 1841 557 1883 nomine
587 1840 783 1898 Erysimi
814 1842 1062 1884 ocbroleuci
1092 1843 1408 1896 conjunxerim.

256 1931 322 1972 11.
356 1926 407 1969 E.
439 1941 811 1970 surrssuncosmvx
841 1927 1058 1986 (Spreng.
1092 1941 1192 1971 nov.
1225 1943 1346 1985 prov.
1381 1928 1536 1986 p.17.)
1561 1956 1563 1958 ·
1588 1928 1665 1974 fol.
1698 1928 1916 1982 oblonqo-

138 1986 414 2029 lanceolacis
456 1987 650 2027 brevite?
694 1987 993 2041 mueronatis,
1044 1987 1360 2029 scabriusculis
1409 1987 1520 2042 pilis
1554 1988 1664 2042 fere
1705 1987 1919 2027 ommibus

138 2045 452 2098 simplicibus,
499 2045 728 2099 pedicellis
772 2046 965 2102 calycem
1009 2046 1300 2100 aequantibus
1342 2046 1585 2088 fructiferis
1618 2045 1779 2099 siliqua
1814 2045 1921 2085 mul-

137 2104 266 2146 toties
299 2103 601 2155 brevioribus,
646 2103 811 2158 siliqua
854 2104 1199 2160 quadrangulari
1244 2118 1268 2146 a
1311 2106 1448 2146 latere
1491 2105 1824 2158 subeompiessa
1857 2103 1922 2143 in-

137 2176 248 2204 cana
290 2162 468 2219 angulis
514 2162 777 2206 virentibus.
824 2160 904 2218 Θ.
966 2162 1033 2205 Ad
1079 2163 1250 2204 viarum
1297 2163 1534 2218 margines.
1585 2162 1753 2214 (bisber
1795 2162 1916 2203 bloss-

136 2214 361 2262 zivischen
406 2220 612 2262 Verviers
647 2225 687 2261 et
718 2220 960 2277 Lirnburg,
1005 2220 1255 2277 Lejeunel)
1310 2221 1419 2262 Mai.
1453 2221 1556 2262 Jun.
1589 2221 1647 2262 D.
1681 2220 1784 2264 ΗΛ..
1818 2222 1916 2263 695.

138 2278 430 2320 Cheiranthus
465 2279 706 2320 helveticus
731 2278 855 2334 Jacq.
891 2280 999 2321 hort.
1035 2279 1158 2325 vind.
1178 2282 1221 2323 3.
1254 2282 1345 2333 t.9‚
1378 2293 1461 2321 nec
1491 2279 1644 2321 Willd.
1678 2278 1729 2323 E.
1764 2278 1919 2320 suffiu—

136 2337 322 2379 ticosum
355 2335 450 2378 DC.
487 2341 655 2392 syst.2.
699 2338 799 2382 494.
865 2337 913 2378 Ε.
947 2338 1167 2394 virgatum
1198 2337 1324 2392 Lej.!
1370 2352 1462 2393 spa.
1482 2341 1521 2385 2.
1556 2340 1628 2391 91,
1674 2351 1758 2377 non
1795 2337 1916 2376 Roth.

137 2395 429 2438 Cheirantbus
461 2395 746 2437 fruticulosus
780 2396 951 2437 l'Herit.
986 2396 1187 2449 herbar.2
1239 2410 1319 2438 nec
1349 2395 1477 2437 Linn.
1518 2396 1682 2437 ‘Flores
1714 2395 1918 2436 vitellini.

139 2453 291 2496 Cauiis
323 2453 495 2495 inferne
528 2453 614 2495 cito
646 2453 878 2496 induratur
909 2459 950 2496 et
980 2454 1184 2513 lignosus
1216 2454 1290 2509 fit,
1321 2455 1474 2512 planta
1504 2460 1763 2497 tamenvere
1794 2453 1918 2495 bien—

137 2512 236 2567 nis,
271 2511 353 2554 nec
385 2512 599 2555 fruticosa
630 2518 711 2555 est.
1833 2510 1887 2552 G.

267 2612 363 2647 Sect.
389 2613 435 2646 ΙΙ.
485 2613 683 2651 Conni-‘cm
716 2613 790 2651 Dc.
813 2618 908 2657 syst.
926 2617 959 2649 2.
985 2615 1061 2650 507.
1108 2615 1214 2648 Folia
1244 2615 1409 2658 canlina,
1442 2616 1522 2648 basi
1553 2613 1734 2658 profunda
1762 2612 1921 2652 cordata,

137 2658 429 2700 amplexicaulia.
475 2657 572 2689 Flor.
608 2659 681 2690 albi
716 2659 770 2690 vel
808 2658 1060 2693 flavescentes.
1093 2658 1224 2704 (Erys.
1259 2660 1482 2693 austu-iacun»
1505 2659 1552 2693 ob
1577 2658 1742 2691 valvulas
1766 2656 1923 2699 siliquae

136 2703 328 2735 ttinetvias
352 2702 396 2734 ad
420 2699 614 2743 Sisymbrii
638 2712 754 2744 genus
780 2702 976 2746 pertinet.)

257 2791 322 2833 12.
356 2787 409 2828 E.
444 2801 707 2829 oRmNTALs
752 2787 829 2840 (R.
863 2788 1030 2831 Brown
1064 2790 1110 2832 in
1159 2790 1204 2831 h.
1235 2790 1366 2832 'kew.
1385 2795 1426 2835 2.
1460 2788 1502 2834 4.
1539 2790 1662 2839 117.)
1705 2788 1780 2829 fol·
1825 2800 1924 2828 cau·

137 2845 243 2887 linis
276 2847 489 2888 cordatis
535 2847 991 2900 amplexicaulibus,
1036 2848 1213 2903 siliquis
1256 2850 1535 2904 patentibus,
1581 2846 1780 2888 valvulis
1824 2846 1924 2888 uni-

137 2905 373 2947 ner-vibus.
408 2904 480 2961 (ο).
533 2906 585 2946 In
617 2906 766 2962 agris,
815 2907 911 2947 solo
945 2906 1184 2962 argillaceo
1216 2912 1258 2949 et
1301 2909 1511 2949 calcareo.
1545 2905 1638 2947 Mai
1653 2905 1834 2961 -Aug.
1866 2904 1922 2945 D.

137 2961 181 3002 ss.
201 2961 242 3005 4.
276 2964 372 3008 697.
405 2963 527 3018 Jacq.
565 2978 603 3005 a.
636 2970 664 3006 t.
688 2965 786 3007 282.
851 2963 899 3006 E.
932 2965 1212 3020 perfoliatum
1245 2964 1408 3007 Crantz
1441 2978 1481 3006 a.
1513 2978 1554 3019 p.
1576 2967 1645 3008 27.
1678 2961 1774 3005 DC.
1805 2966 1918 3019 syst.

137 3022 181 3067 2.
214 3023 311 3064 508.
372 3021 419 3062 E.
453 3027 698 3078 campestre
731 3021 863 3077 Scop.
895 3025 1077 3071 carn.2.
1110 3027 1180 3069 27.
1242 3023 1454 3066 Brassica
1496 3021 1725 3064 orientalis
1758 3019 1919 3075 L.¹sp.
1979 3062 1984 3064 .

138 3079 235 3120 931.
271 3078 514 3135 Conringia
557 3081 788 3122 orientalis
832 3080 995 3122 Andrz.
1038 3095 1108 3137 ap.
1142 3080 1237 3123 DC.
1282 3087 1392 3140 syst.
1437 3080 1652 3122 Goiinkia
1693 3078 1923 3123 orientalis

138 3133 282 3177 Prcsl.
316 3138 435 3178 eecli.
456 3141 526 3181 41.
588 3138 743 3180 Flores
776 3140 865 3181 albi
899 3141 968 3181 vel
1001 3141 1265 3185 ochroleuci.

259 3223 322 3265 13.
355 3223 407 3264 Ε.
441 3236 734 3265 AUsTmAcUM
770 3225 986 3282 (Baumg.
1022 3228 1064 3270 ss.
1099 3231 1295 3270 trans.2.
1330 3224 1457 3281 263.)
1491 3225 1566 3265 fol.
1599 3225 1792 3266 caulinis
1826 3239 1925 3267 cor·

142 3277 269 3319 elatis
300 3281 752 3335 amplexicanlibus,
796 3285 976 3339 siliquis
1011 3287 1197 3337 crectis,
1232 3283 1429 3325 valvulis
1461 3284 1760 3327 trinervibus.
1884 3291 1925 3324 et

143 3332 217 3394 Θ.
250 3335 306 3380 Iu
337 3339 458 3398 agris
492 3340 666 3398 (bisher
700 3342 812 3386 bloss
846 3344 892 3386 in
929 3342 1292 3398 Unteriistrcich.)
1325 3341 1432 3387 Mai.
1465 3342 1568 3385 Jun.
1602 3342 1657 3386 D.
1690 3342 1734 3384 fl.
1789 3373 1798 3384 .
1823 3342 1920 3386 698.
