2200 3525
170 128 488 167 flmmeum.
814 101 1303 160 COMPOSITAE.
1543 136 1548 141 ,
1852 92 1952 141 447

176 278 303 317 costa
331 272 480 316 media
511 269 701 328 paginae
732 267 958 310 inferioris
990 266 1099 308 setis
1130 265 1292 323 rigidis
1326 262 1566 320 adspersa,
1608 262 1796 304 ceterum
1838 256 1954 310 pube

177 334 404 375 stellulata
437 342 608 385 quoque
641 327 861 368 destituta.
924 324 1168 365 Pedunculi
1198 327 1289 365 fere
1313 322 1474 378 glabri,
1508 320 1577 362 vel
1604 332 1698 360 cum
1726 315 1955 356 involucro

173 392 280 447 pilis
309 388 589 446 glandulosis
615 384 806 434 obsessi,
840 388 1063 437 praeterea
1099 384 1239 435 glabri
1274 383 1343 423 vel
1379 381 1509 422 simul
1539 378 1953 420 stellulato-tomen-

175 450 290 501 tosi,
323 448 395 489 vel
427 446 554 487 etiam
589 443 694 498 pilis
727 441 840 482 raris
871 440 1019 496 longis
1051 440 1325 494 simplicibus
1359 438 1577 493 adspersi.
1638 434 1818 476 Variat:

293 528 334 577 β.
365 520 663 573 9lareosum;
708 514 899 565 humile,
945 512 1085 553 caulis
1120 526 1146 552 a
1177 513 1319 553 medio
1352 524 1584 560 ramosus,
1628 505 1765 548 ramis
1813 501 1956 558 graei-

175 579 310 628 libus,
347 577 592 627 paniculum
627 574 767 614 laxam
803 572 980 612 dilatam
1014 571 1298 611 divaricatum
1327 567 1719 611 constituentibus:
1782 562 1838 603 H.
1870 560 1957 602 Mi-

174 636 304 677 chelii
337 636 536 676 Tausch.
571 634 598 674 l.
633 645 672 675 c.
707 645 749 685 p.
771 632 840 674 60.
901 630 996 670 Hoc
1028 629 1260 685 praecipue
1293 630 1339 669 in
1371 627 1599 668 fluviorum
1632 623 1818 682 glareis,
1854 619 1957 676 (der

174 693 292 735 Save
325 708 365 735 u.
401 692 480 734 des
513 693 668 732 Isonzo
701 693 745 730 in
780 688 975 743 Brain.).

254 785 257 787 >
296 766 361 808 Cl.
398 764 543 807 Gand.
576 764 632 804 H.
668 760 975 818 piloselloides
1007 773 1102 800 cum
1136 759 1430 813 subsequente
1464 756 1521 797 H.
1543 755 1735 812 praealto
1769 752 1852 793 sub
1884 763 1959 790 no-

175 825 294 866 mine
327 825 383 865 H.
417 823 637 864 florentini
671 824 714 861 in
750 834 881 860 unum
913 819 1102 874 speciem
1138 818 1434 867 combinavit,
1483 823 1524 857 ct
1555 815 1743 855 fortasse
1775 823 1860 851 non
1895 810 1961 849 in-

176 884 360 930 meritos
391 887 578 923 testante
610 881 726 921 enim
759 879 814 918 D.
850 877 1021 918 Custor.
1065 875 1308 931 specimina
1352 888 1437 915 non
1482 886 1578 913 raro
1622 874 1851 911 occurrunt
1894 867 1961 907 in-

176 941 415 992 termedia,
469 953 580 994 quae
613 937 709 993 pari
744 937 841 977 iure
874 934 926 975 ad
960 935 1042 975 hoc
1074 940 1117 974 et
1148 933 1202 974 ad
1235 933 1345 973 illud
1379 933 1542 973 referre
1577 942 1726 983 queas.
1788 927 1962 968 Utram-

176 1013 260 1055 que
291 1006 434 1041 tamen
466 996 702 1053 proposui,
735 999 782 1035 ut
814 994 859 1034 in
892 998 1112 1048 posterum
1145 992 1337 1046 amplius
1368 991 1671 1030 observentur.

294 1103 334 1144 9.
367 1100 423 1140 H.
457 1109 738 1140 PRAEALTUM
771 1092 896 1147 (vill.
924 1091 1098 1134 Wimm.
1130 1095 1170 1132 et
1203 1090 1341 1131 Grab.
1365 1091 1408 1131 fl.
1441 1089 1515 1131 sil.
1537 1092 1577 1131 2.
1610 1101 1652 1143 p.
1676 1087 1795 1137 906.)
1829 1085 1964 1128 caule

178 1158 459 1212 scapiformi
490 1157 650 1212 glabro
695 1154 765 1194 vel
811 1151 1002 1207 sparsim
1036 1150 1368 1204 setoso-piloso
1401 1154 1441 1189 et
1474 1148 1590 1202 pube
1622 1147 1844 1187 stellulata
1886 1144 1962 1184 ad·

177 1231 356 1272 sperso,
396 1216 580 1269 inferne
621 1210 1031 1268 uni-paucifolz‘o,
1089 1208 1312 1261 corymbo
1351 1205 1663 1262 polyceplzalo
1699 1203 1963 1257 sa-stiqiato

177 1277 316 1327 laxo,
377 1272 640 1333 pedunculis
681 1271 1012 1323 involucrisque
1054 1268 1198 1309 laxius
1241 1267 1514 1321 densiusque
1568 1261 1963 1305 stellulato-canis

175 1333 454 1390 pilosisque,
517 1330 780 1387 pedunculis
834 1327 1057 1369 defloratis
1097 1326 1256 1378 rectis,
1294 1325 1433 1378 soliis
1480 1323 1665 1378 ylaucis
1704 1319 1964 1363 lanceolatis

175 1391 376 1447 margine
409 1392 479 1432 vel
512 1390 679 1446 pagina
711 1394 801 1429 tota
831 1385 1040 1441 hispidis,
1074 1384 1189 1425 setis
1219 1385 1392 1425 validis
1423 1382 1583 1439 rigidis
1620 1381 1830 1422 diametro
1864 1381 1965 1418 cau-

175 1453 234 1493 lis
267 1450 559 1506 longioribus.
594 1445 665 1502 Q.
701 1446 751 1487 In
786 1446 927 1501 pratis
962 1443 1123 1495 siccis,
1158 1444 1410 1497 montibus,
1457 1441 1735 1493 collibusque
1767 1437 1964 1478 incultis.

175 1510 278 1551 Jun.
311 1509 400 1549 Jul.
462 1508 528 1547 Ab
561 1507 616 1546 H.
649 1505 861 1546 Aurienla
893 1502 1038 1544 differt
1070 1516 1203 1556 scapo
1235 1501 1418 1554 altiore,
1449 1501 1632 1543 20-100
1666 1498 1789 1550 floro,
1823 1495 1967 1536 foliis-

177 1582 262 1623 que
294 1566 597 1621 longioribus,
632 1563 889 1606 maioribus.
949 1561 1077 1602 Folia
1108 1562 1363 1616 plerumque
1395 1560 1573 1600 intense
1604 1558 1779 1613 glauca,
1813 1554 1858 1594 in
1891 1566 1966 1608 pa-

176 1627 285 1683 gina
319 1624 543 1678 superiore
575 1623 732 1677 pubem
765 1621 1033 1662 stellulatam
1069 1632 1293 1673 nunquam
1328 1623 1503 1674 gerunt,
1537 1617 1584 1656 in
1617 1614 1828 1656 inferiore
1861 1623 1966 1651 vero

180 1684 330 1726 eadem
352 1695 484 1737 saepe
507 1681 718 1736 adspersa
740 1679 1036 1733 reperiuntur,
1071 1691 1187 1718 nunc
1206 1678 1313 1718 setis
1340 1677 1432 1717 fere
1455 1675 1668 1716 destituta
1695 1676 1814 1722 sunt,
1848 1682 1969 1711 nunc

181 1743 235 1784 ad
258 1742 501 1797 marginem
528 1745 781 1792 costamque
814 1737 1000 1778 mediam
1034 1737 1204 1788 subtus,
1240 1749 1358 1777 nunc
1386 1735 1431 1775 in
1465 1739 1554 1775 tota
1577 1729 1810 1788 superficie
1834 1741 1966 1782 supe-

178 1801 295 1842 riore
323 1799 446 1850 setis,
483 1803 522 1839 et
549 1797 721 1852 quidem
757 1797 915 1851 rigidis
940 1794 1210 1848 validisque,
1244 1795 1450 1845 obsessa;
1484 1797 1673 1834 ceterum
1696 1788 1967 1838 lanceolata,

179 1860 250 1900 vel
284 1856 773 1906 obovato-laneeolata,
808 1854 1020 1895 interiora
1052 1860 1197 1906 acuta,
1230 1852 1446 1893 exteriora
1481 1848 1786 1905 utplurimum
1819 1851 1969 1886 rotun·

179 1917 494 1958 dato-obtusa.
559 1914 763 1955 Stolones
796 1926 911 1954 nunc
943 1912 1120 1962 adsunt,
1155 1924 1275 1952 nunc
1308 1910 1533 1961 deficiunt,
1567 1921 1684 1948 nunc
1717 1905 1966 1960 eriguntur,

180 1976 330 2018 caules
374 1972 660 2015 secundarios
694 1971 925 2028 florigeros
957 1971 1216 2012 referentes.
1280 1968 1458 2021 Scapus
1490 1966 1589 2008 basi
1621 1965 1728 2007 folio
1765 1966 1881 2013 1-2,
1927 1965 1970 2002 et

177 2034 434 2088 plerumque
483 2032 614 2086 paulo
657 2031 790 2071 altius
833 2030 961 2073 tertio
1013 2030 1192 2070 minore.
1235 2050 1294 2058 -—-
1363 2026 1604 2067 Villarsius
1657 2024 1738 2065 sub
1782 2035 1865 2063 suo
1908 2020 1967 2061 H.

178 2092 376 2146 praealto
409 2103 494 2131 non
528 2090 617 2130 nisi
650 2088 895 2143 specimina
927 2087 1184 2144 subglabra,
1218 2086 1468 2127 stolonibus
1501 2082 1739 2132 destituta,
1775 2092 1970 2134 compre·

178 2149 355 2201 hendit3
399 2162 483 2202 ego
515 2161 647 2198 vero,
682 2148 831 2188 floram
866 2147 1122 2187 silesiaeam
1155 2149 1420 2196 secuturus,
1467 2143 1579 2184 alias
1613 2141 1777 2183 formas
1817 2138 1972 2192 adjun·
2000 2148 2011 2165 ⁸

177 2221 310 2266 gam,
344 2208 397 2248 ab
430 2207 510 2248 hae
541 2207 695 2262 specie
727 2219 813 2247 non
846 2205 1135 2260 separandas.
1197 2202 1452 2245 varietates
1488 2206 1619 2243 sunt:

295 2293 343 2320 α.
376 2293 568 2333 verum,
611 2279 806 2320 stolones
845 2278 959 2320 nulli
991 2278 1062 2319 vel
1095 2276 1416 2319 adscendentes
1451 2273 1673 2330 florigeri,
1719 2271 1869 2314 caules
1908 2269 1970 2310 la-

177 2337 338 2379 terales
373 2338 672 2389 aemulantes3
705 2350 869 2391 scapus
907 2336 1074 2393 glaber,
1109 2335 1218 2377 solia
1250 2335 1449 2388 margine
1481 2340 1522 2375 et
1555 2327 1711 2374 subtus
1737 2334 1861 2371 costa
1884 2341 1971 2369 me·

180 2395 253 2436 dia
285 2394 394 2436 setis
425 2395 603 2436 ciliata:
662 2395 718 2435 H.
742 2396 982 2449 praealtum
1019 2395 1122 2436 Vill.
1155 2408 1254 2451 voy.
1273 2398 1313 2437 2.
1341 2394 1371 2435 f.
1399 2397 1436 2436 1.
1483 2391 1579 2433 DC.
1607 2392 1649 2432 fl.
1677 2389 1730 2431 fr.
1750 2392 1790 2430 5.
1812 2401 1853 2442 p.
1870 2383 1969 2428 441.

182 2452 351 2494 Goclm.
388 2452 495 2496 diss.
529 2467 572 2508 p.
601 2457 666 2497 17.
727 2453 967 2495 Reichenb.
1001 2454 1057 2494 ie.
1090 2458 1120 2494 t.
1151 2451 1219 2495 55.
1255 2453 1285 2493 f.
1310 2453 1407 2494 114.
1472 2450 1529 2492 H.
1563 2445 1868 2505 piloselloides
1901 2443 1969 2484 Fl.

179 2512 233 2552 fr.
256 2511 296 2553 4.
333 2513 490 2565 p.25.,
538 2511 647 2552 excl.
692 2524 791 2564 syn.
824 2511 928 2552 Vill.
990 2512 1046 2551 H.
1082 2510 1361 2551 florentinum
1395 2508 1548 2551 Willd.
1595 2522 1659 2561 sp.
1688 2508 1728 2549 3.
1771 2518 1811 2559 p.
1839 2503 1966 2545 1566.

179 2568 370 2625 Spreng.
398 2569 485 2610 hal.
520 2574 549 2609 t.
574 2570 636 2613 10.
673 2569 702 2610 f.
727 2574 762 2612 1.
806 2570 865 2615 H.
889 2569 1169 2611 florentinum
1198 2569 1231 2608 Ι.
1260 2568 1502 2622 praealtum
1530 2565 1674 2607 Gaud.
1718 2563 1778 2603 H.
1801 2560 1968 2617 praeal-

178 2626 343 2668 tum⁸et
376 2629 596 2668 stellatum
631 2627 821 2668 Tauseh.
855 2651 913 2658 —-
974 2628 1101 2668 Haec
1143 2626 1337 2666 varietas
1381 2638 1514 2680 scapo
1556 2624 1687 2680 paulo
1729 2619 1873 2673 magis
1904 2617 1970 2673 pi-

180 2685 302 2736 loso,
337 2686 604 2740 pedunculis
638 2685 968 2740 involucrisque
1013 2685 1118 2740 pilis
1161 2683 1608 2740 nigro-glandulosis
1641 2685 1734 2722 est:
1796 2679 1855 2719 Η.
1892 2678 1968 2718 ob-

181 2756 356 2785 scurum
392 2743 629 2785 Reichenb.
665 2743 718 2784 ic.
747 2749 780 2786 1.
815 2744 845 2785 f.
867 2738 965 2786 ⁹115.
989 2767 1048 2773 —-
1108 2740 1354 2783 Pednnculi
1389 2747 1430 2782 et
1461 2741 1692 2782 involucra
1722 2750 1841 2779 nunc
1875 2736 1967 2792 gla-

178 2802 258 2842 bra
290 2807 331 2843 et
364 2803 479 2857 pube
512 2803 738 2843 stelluluta
769 2815 900 2857 parce
932 2802 1104 2856 obsita3
1153 2813 1269 2840 nunc
1311 2800 1420 2855 pilis
1464 2797 1779 2856 glanduliferis
1824 2795 1968 2836 rarius

178 2860 248 2900 vel
274 2860 454 2901 densius
489 2861 727 2916 adspersa3
762 2874 878 2900 nunc
900 2860 1014 2914 pube
1039 2853 1267 2901 stellula'ta
1302 2871 1413 2900 cana
1439 2864 1481 2900 et
1505 2861 1754 2901 tomentosa
1775 2854 1970 2912 pilisque

178 2918 491 2975 glanduliferis
522 2919 858 2975 simplicibusve
889 2917 1077 2960 hirsuta.

300 3011 340 3070 β.
373 3005 610 3057 Bauhim‘,
646 3019 834 3061 scapus,
869 3005 978 3047 folia
1012 3010 1054 3047 et
1085 3003 1232 3046 omnia
1258 3003 1489 3045 varietatis
1521 3023 1577 3055 α,
1611 3001 1690 3044 sed
1721 3001 1966 3045 stolonibus

186 3063 432 3114 praeditum
465 3065 745 3106 fllisormibus
779 3064 1025 3116 elongatis:
1071 3064 1126 3103 H.
1146 3063 1335 3103 Banhini
1364 3063 1537 3107 Schult.
1559 3062 1658 3106 obs.
1692 3062 1778 3102 bot.
1811 3058 1964 3116 p.164.

181 3117 309 3159 Bess.
342 3120 466 3187 prim.
502 3122 544 3162 fl.
582 3124 667 3178 gal.
687 3127 725 3164 2.
760 3137 800 3177 p.
827 3123 920 3167 149.
965 3122 1022 3163 H.
1048 3122 1262 3164 Auricula
1283 3120 1434 3162 Willd.
1467 3135 1532 3175 sp.
1552 3122 1593 3164 3.
1627 3133 1670 3174 p.
1691 3120 1815 3164 1564.
1863 3118 1967 3160 Vin.

182 3189 281 3229 voy.
310 3181 454 3231 p.00.,
487 3193 582 3221 cum
616 3181 830 3223 varietate
862 3188 1013 3223 nostra
1034 3183 1155 3225 δ.--
1207 3180 1262 3220 Η.
1290 3179 1554 3221 viscidulum
1588 3178 1800 3231 Tauseh.,
1833 3177 1873 3220 si
1897 3191 1965 3219 co-

183 3234 336 3291 rymbo
362 3235 498 3279 dense
521 3239 954 3296 glanduloso-piloso
986 3239 1232 3296 praeditum
1254 3244 1337 3281 est.
1381 3236 1656 3282 Modificatio
1678 3236 1810 3281 buius
1834 3249 1969 3293 scapo
