2200 3525
219 135 317 183 572
892 109 1308 164 POTAMEAE.
1577 128 1999 168 rorAMooEroN.

218 292 428 334 insertae.
502 279 666 324 Ovaria
697 277 755 328 4,
799 273 902 330 styl.
937 287 977 315 0.
1050 253 1230 329 Drupae
1260 273 1317 326 4,
1359 272 1567 316 sessiles.
1635 272 1690 317 N.
1724 275 1778 317 ab
1811 274 1862 317 E.
1896 289 1998 333 gen.

218 352 259 393 6.
298 350 360 391 13.

347 445 440 477 sect.
466 441 490 473 1.
538 438 894 473 HETEROPHYLLA„
920 433 1024 466 Folia
1057 434 1220 475 alterna,
1253 433 1399 465 floralia
1430 435 1572 465 tantum
1606 434 1798 475 opposita,
1831 444 2003 476 suprema

219 495 253 525 in
279 491 404 532 planta
429 483 589 527 pei-fecta
614 482 740 512 adulta
766 481 930 511 natantia
954 482 1009 526 et,
1044 478 1140 519 quod
1164 477 1316 520 figuram
1341 481 1375 509 et
1398 486 1509 519 saepe
1543 486 1691 520 quoque
1724 479 2002 511 consistentiam

218 543 339 568 eorum
363 531 512 567 attinet,
538 536 559 556 a
585 526 786 556 submersis
813 522 1029 560 diversa.>·<)

345 611 377 634 a.
423 599 528 631 Folia
552 597 696 629 floralia
721 597 843 627 omnia
867 595 1032 626 coriacea
1055 596 1091 625 et
1114 592 1291 624 natantia.

333 693 370 732 1.
423 687 475 726 P.
508 696 687 725 NATANs
738 681 814 737 (L.
860 695 924 736 sp.
952 679 1073 735 182.)
1122 679 1260 735 foliis
1305 679 1519 721 omnibus
1561 680 1697 736 longe
1739 679 2001 735 petiolatis,

213 746 459 792 submersis
493 741 826 798 atigustioribus
861 738 1117 780 lanceolatis
1149 738 1425 793 oblongisve‚
1458 741 1740 780 natantibus
1774 739 2001 781 coriaceis

213 802 667 849 subcordato-ovatis
700 800 897 840 ovalibus
934 797 1215 853 oblongisve,
1246 797 1435 850 petiole'S
1467 811 1615 849 supra
1642 798 1812 850 plano·
1833 812 2000 839 conca-

212 864 462 912 riusculis,
515 859 775 914 pedunculis
809 856 1096 911 aequalibus,
1133 855 1382 909 fructibus
1425 856 1690 896 recentibus
1732 855 2002 908 compressis

211 924 426 977 margine
457 919 638 961 obtusis
656 917 773 971 2W),
822 917 949 956 caule
991 915 1197 969 simplici.
1234 911 1301 969 Q.
1341 913 1390 954 ln
1435 916 1562 967 aquis
1607 914 1916 969 stagnantibus
1960 917 2003 955 et

212 983 462 1024 fluentibus.
526 977 612 1018 Jul.
648 979 762 1029 Aug.
825 975 879 1014 D.
914 974 953 1014 fl.
982 979 1015 1015 1.
1051 988 1088 1026 p.
1113 975 1210 1016 836.
1277 972 1436 1013 Petioli
1475 971 1706 1012 inferiores
1740 971 1869 1012 huius
1902 985 2001 1026 spe-

214 1042 297 1084 ciei
335 1053 418 1080 non
454 1037 541 1078 nisi
587 1048 663 1089 per
706 1047 892 1074 errorem
941 1032 1107 1086 aphylli
1155 1038 1488 1084 nuncupantur,
1540 1043 1715 1084 semper
1755 1037 1797 1070 et
1840 1031 2003 1084 ubique

211 1112 361 1141 omnes
396 1098 559 1138 lamina
590 1094 829 1133 instructos
865 1090 973 1141 vidi,
1009 1104 1121 1144 quae
1154 1104 1255 1130 vero
1277 1098 1361 1129 tam
1388 1089 1572 1130 insectis
1598 1087 1834 1143 aquaticis,
1870 1101 2003 1142 quam

212 1156 442 1214 putredine
470 1155 554 1195 cito
577 1151 830 1200 destruitur,
866 1151 966 1190 dum
1002 1149 1189 1201 potiolus
1223 1162 1399 1189 crassus
1425 1147 1663 1201 firmusque
1689 1153 1908 1200 remanet3
1940 1152 2002 1187 ta·

211 1231 307 1257 men
343 1214 507 1255 lamina
539 1212 695 1254 adfuit.
759 1208 809 1249 ln
835 1210 926 1248 solo
955 1207 1300 1262 Potamogetone
1323 1207 1493 1246 lucente
1517 1205 1669 1260 petioli
1703 1204 1895 1260 apliylli,
1929 1203 2014 1246 vel'

209 1277 360 1330 potius
394 1273 532 1322 folia,
580 1283 759 1324 quorum
795 1267 961 1307 lamina
995 1266 1048 1305 ad
1083 1279 1261 1305 nervum
1298 1265 1488 1305 medium
1521 1264 1705 1305 reducta
1738 1269 1834 1315 est,
1880 1277 2003 1320 repe-

208 1335 393 1375 riuntur.
427 1354 485 1361 --
547 1327 796 1381 sequentes
832 1326 1071 1366 varietates
1105 1337 1221 1364 nunc
1253 1334 1476 1377 propono:

328 1421 370 1446 α.
405 1402 643 1457 vulyaris,
689 1399 801 1440 folia
846 1397 1045 1438 natantia
1088 1401 1156 1447 et,
1199 1396 1357 1435 saltem
1402 1394 1660 1448 superiora,
1703 1393 1801 1435 basi
1844 1394 2013 1441 leviter¹

209 1462 602 1512 cordato-excisa,
648 1459 686 1498 si
733 1470 828 1497 cum
876 1457 1039 1510 petiolo
1081 1454 1126 1494 in
1169 1453 1346 1508 planum
1383 1453 1652 1493 horizontale
1691 1453 2000 1505 extenduntur,

209 1525 415 1577 utrinque
449 1521 502 1560 ad
537 1517 746 1573 petiolum
780 1516 824 1555 in
859 1515 1017 1569 plicam
1046 1514 1297 1553 elevantur:
1341 1511 1391 1551 P.
1419 1519 1576 1552 natans
1602 1511 1804 1566 vulgaris
1824 1512 1880 1551 D.
1901 1511 1943 1554 fl.
1964 1515 2001 1554 1.

207 1584 305 1626 837.
371 1579 500 1621 Schtz.
537 1575 697 1617 handb.
745 1581 772 1614 t.
794 1574 864 1616 28.
929 1573 1070 1612 Fries.
1117 1585 1212 1611 nov.
1262 1570 1327 1610 ed.
1351 1574 1388 1612 2.
1435 1583 1475 1624 p.
1499 1572 1567 1613 28.
1617 1570 1722 1624 (ubi
1762 1571 1932 1611 fructus
1977 1583 2003 1611 e

209 1640 531 1695 speciminibus
565 1635 699 1676 siccis
732 1632 982 1686 descriptus
1016 1629 1122 1685 est.)
1191 1629 1239 1668 ln
1287 1628 1477 1683 piscinis
1520 1634 1562 1669 et
1595 1629 1723 1682 aquis
1755 1628 2003 1682 stagnanti-

208 1699 291 1740 bus
336 1694 697 1753 profundioribus
743 1691 904 1742 maior,
952 1690 1063 1730 folia
1107 1702 1338 1742 suprema,
1385 1701 1517 1741 saepe
1559 1687 1734 1736 ovalia,
1785 1686 2002 1728 inferiora

207 1772 311 1798 vero
345 1759 428 1797 cito
461 1753 691 1809 putredine
725 1751 973 1794 destructa:
1025 1748 1074 1788 P.
1110 1758 1267 1787 natans
1302 1766 1343 1790 α.
1379 1745 1578 1801 vulgaris
1614 1746 1668 1785 D.
1702 1745 1744 1786 fl.
1774 1751 1809 1787 1.
1842 1759 1882 1800 p.
1899 1747 2000 1789 837.

207 1817 258 1858 ln
280 1816 437 1856 rivulis
457 1813 665 1854 velociter
696 1807 932 1849 fluentibus
956 1807 1106 1848 caules
1130 1807 1345 1860 elongati,
1370 1805 1480 1859 folia
1512 1806 1742 1846 submersa
1766 1817 1898 1858 saepe
1923 1817 2005 1845 nu-

209 1888 399 1924 merosa,
436 1873 531 1912 basi
560 1871 776 1924 apiceque
809 1873 1048 1915 attenuata,
1087 1864 1322 1918 pellucida,
1356 1872 1499 1904 tamen
1534 1877 1620 1903 non
1651 1864 1713 1904 ita
1745 1864 2000 1916 conspicue,

208 1940 256 1974 ut
300 1934 344 1972 in
382 1932 429 1972 P.
465 1929 688 1978 fluitante3
743 1925 852 1966 folia
899 1924 1096 1965 natantia
1141 1924 1396 1977 plerumque
1440 1922 1630 1977 oblonga
1671 1922 1742 1962 vel
1785 1921 2000 1977 oblongo-

209 1992 468 2033 lanceolata.
532 1988 582 2028 ln
616 1985 752 2026 fossis
786 1984 1047 2023 aricetornin
1081 1982 1347 2021 turfosorum
1383 1981 1550 2031 minor,
1601 1980 1709 2021 folia
1751 1981 2001 2031 submersa,

209 2051 250 2090 si
278 2054 469 2097 exstant,
503 2059 635 2099 saepe
668 2048 856 2094 anguste
890 2041 1151 2091 lanceolata,
1188 2039 1384 2079 natantia
1421 2039 1561 2094 prima
1594 2039 1693 2079 basi
1727 2038 1770 2078 in
1795 2038 2002 2093 petiolum

209 2114 461 2156 attenuata,
495 2115 699 2158 suprema
734 2098 829 2141 basi
864 2099 1020 2139 leviter
1052 2097 1255 2147 cordata,
1304 2103 1346 2137 ut
1380 2098 1425 2137 in
1461 2097 1785 2137 modificatione
1818 2097 2001 2138 maiori=

207 2166 260 2206 P.
298 2171 454 2205 natans
488 2159 775 2203 intermedius
809 2158 865 2197 D.
900 2157 941 2196 fl.
967 2159 1001 2199 1.
1036 2170 1075 2210 p.
1099 2158 1200 2199 839.
1266 2154 1388 2196 Inter
1421 2155 1531 2195 hanc
1577 2156 1623 2194 in
1667 2155 1811 2195 fossis
1857 2157 2003 2196 minus

208 2223 442 2278 profundis
475 2220 664 2262 occurrit
698 2215 962 2257 modificatio
996 2214 1117 2255 foliis
1145 2212 1401 2255 natantibus
1427 2213 1628 2268 pollicem
1655 2213 1724 2254 vel
1754 2213 2003 2267 sesquipol·

207 2284 338 2325 licem
359 2288 525 2322 tantum
546 2277 720 2333 longis:
754 2274 804 2315 P.
825 2281 983 2314 natans
1012 2291 1046 2318 ε,
1065 2274 1206 2312 minor
1231 2273 1283 2312 D.
1303 2271 1343 2312 fl.
1366 2274 1511 2315 [839.
1564 2271 1692 2312 Hanc
1717 2270 2006 2312 modificatio-

207 2355 305 2381 nem
325 2341 362 2380 b.
382 2338 654 2380 Schraderus
676 2335 719 2375 in
741 2333 884 2374 literis
911 2332 964 2372 ad
983 2345 1048 2371 me
1079 2332 1193 2371 datis
1211 2328 1257 2371 P.
1273 2330 1640 2384 parnassifolium
1664 2343 1792 2370 suum
1813 2344 1911 2371 esse
1932 2330 2006 2371 de-

208 2399 408 2441 claravit.
444 2396 761 2449 Potamogeton
788 2392 875 2442 hic,
911 2390 1147 2445 praecipue
1179 2389 1318 2429 forma
1343 2388 1604 2429 intermedia
1634 2394 1675 2429 et
1700 2389 1857 2440 minor,
1892 2389 2004 2430 siin

207 2458 444 2514 paludibus
469 2453 675 2504 turfosis,
710 2464 822 2505 quae
838 2463 914 2504 per
929 2455 1138 2489 aestatem
1158 2461 1270 2501 aqua
1295 2446 1565 2500 superficiali
1591 2448 1816 2500 orbantur,
1851 2460 2026 2502 prove-v

208 2517 300 2567 nit,
347 2515 392 2556 in
437 2514 618 2555 formam
664 2509 822 2551 transit
866 2508 993 2548 caule
1038 2508 1291 2546 abbreviato
1337 2512 1379 2546 et
1423 2506 1546 2546 foliis
1593 2506 1797 2546 omnibus
1833 2506 2003 2547 confor-

206 2574 351 2616 mibus
382 2574 609 2627 formaque
642 2567 886 2611 natantium
929 2564 1255 2623 gaudentibus3
1312 2564 1428 2606 hanc
1474 2564 1729 2607 varietatem
1772 2563 2003 2618 hucusque

1916 2624 2000 2666 sub

270 2805 316 2849 *J
339 2805 503 2846 Botanici
528 2803 647 2836 nostri
672 2802 753 2834 aevi
777 2799 1066 2843 praestantiores
1091 2799 1134 2831 de
1157 2799 1326 2841 plurimis
1352 2799 1462 2832 huius
1487 2798 1631 2841 generis
1655 2797 1846 2840 speciebus
1865 2797 2003 2831 dissen-

336 2852 452 2889 tiunt3
479 2848 644 2890 equidem
668 2855 779 2877 ineam
791 2846 1001 2887 opinionem
1020 2845 1074 2874 hic
1092 2844 1254 2884 profero.
1272 2845 1433 2875 innixam
1448 2843 1647 2874 innumeris
1665 2843 2000 2884 observationibus,

337 2903 402 2936 per
421 2893 572 2933 triginta
594 2899 711 2922 annos
736 2889 932 2920 institutis.
979 2887 1237 2918 Dubitationes
1262 2887 1462 2919 nonnullas
1486 2895 1555 2917 suo
1581 2886 1662 2917 loeo
1686 2888 2003 2927 pronunciabo,—

249 2978 324 3021 **)
348 2979 503 3012 Fructus
527 2977 878 3018 Potamogetonum,
911 2974 1008 3005 sicut
1040 2982 1164 3004 omnes
1189 2971 1331 3004 fructus
1358 2972 1551 3013 drupacei,
1585 2972 1620 3003 in
1654 2974 1754 3003 statu
1786 2976 1930 3004 recente
1965 2976 2001 3005 et

338 3025 422 3055 vivo
447 3020 674 3053 describendi
699 3022 806 3057 sunt,
841 3020 877 3050 in
903 3019 1000 3048 sicco
1025 3020 1291 3057 corrugantur,
1325 3018 1445 3047 varias
1480 3024 1589 3055 saepe
1623 3015 1759 3046 formas
1784 3016 1940 3048 induunt
1964 3019 2000 3048 et

247 3076 266 3100 ο
337 3071 414 3099 tum
439 3069 545 3096 notas
569 3063 720 3095 fallaces
747 3062 933 3104 praebent.
982 3060 1246 3099 Potamogetou
1273 3064 1402 3090 natans
1429 3068 1459 3090 e.
1481 3067 1532 3098 gr.
1554 3058 1696 3090 fructus
1722 3065 1884 3090 recentes
1911 3070 1998 3092 mar-

338 3111 421 3151 gine
446 3110 599 3139 obtusos
625 3111 659 3137 et
692 3105 906 3137 rotundatos
943 3103 1069 3142 habet,
1105 3111 1177 3142 qua
1209 3106 1295 3132 nota
1322 3102 1456 3142 optime
1481 3111 1502 3132 a
1524 3100 1562 3132 P.
1589 3104 1800 3142 spatliulato
1827 3107 1861 3134 et
1885 3103 1922 3134 P.
1942 3113 1998 3134 ru·
2040 3099 2048 3101 ”

337 3153 519 3192 ἱεςοειιῐε,
554 3151 616 3191 qui
649 3149 829 3181 fructibus
865 3146 1146 3178 lenticularibus
1181 3146 1342 3184 margine
1376 3146 1494 3175 acutis
1532 3146 1683 3185 praediti
1724 3151 1831 3178 sunt.
1873 3147 1998 3178 distin-

339 3198 474 3236 guitur.
521 3191 590 3224 Sed
615 3192 758 3224 fructus
781 3191 906 3222 siccati
933 3191 969 3220 in
996 3187 1214 3230 quibusdam
1240 3189 1432 3228 speciebus
1460 3189 1574 3218 bonos
1603 3199 1750 3230 quoque
1769 3179 1997 3221 characteres

340 3239 519 3312 gxiiibent.
546 3236 608 3287 ⁸ln
631 3235 799 3278 diagnosi
830 3234 1025 3275 annotavi,
1065 3234 1188 3264 utrum
1220 3232 1258 3264 in
1292 3234 1395 3263 statu
1427 3232 1534 3274 vivo,
1573 3241 1620 3266 an
1651 3234 1690 3266 iu
1719 3234 1817 3265 sicco
1851 3234 1996 3266 fructus

366 3288 605 3323 escripserim.
