2200 3525
176 130 493 167 nmmcmm.
824 105 1314 160 COMPOSITAE.
1873 109 1971 156 455

182 287 268 329 que
299 273 392 316 fere
423 276 540 314 totus
573 269 797 324 disparet,
840 272 881 308 et
927 267 1202 309 involucrum
1235 268 1343 309 setis
1377 267 1521 324 nigris
1555 266 1713 322 partim
1746 264 1972 322 glanduli-

179 332 289 375 feris
321 331 415 373 fere
447 334 582 370 totum
616 333 776 368 tectum
810 331 894 366 est.
958 324 1086 366 Folia
1120 326 1332 367 radicalia
1373 325 1634 367 lanceolata.

291 420 336 463 y.
367 400 578 452 Hallere’,
611 398 721 440 folia
752 397 968 439 radicalia
1011 397 1482 454 elliptico-oblongu,
1517 396 1777 439 rotundato·
1797 395 1971 462 obtusa,

178 459 276 504 basi
310 460 486 502 dentata
520 463 560 497 et
594 470 728 511 saepe
760 456 1052 521 ⁸⁰b¹¹²¹⁸¹.³¹‘¹,>.
1085 457 1247 508 petiolo
1280 463 1474 513 angusto
1506 455 1768 530 insidentia,
1800 454 1977 495 caulina

178 521 311 619 1¹..10391
346 514 954 627 ¹2¹3?⁰;'2¹.²32‘;;‚.1†3;.H13¹L'5;‚¹.
990 511 1974 638 30¹.{¹·25¹;.¹¹32·.³1135395·..¹3.?33..²5⁹.3?.31

178 631 522 747 {rigmaatgp'teocriig-
557 630 1057 731 mHAulgyggfflpffimyill.
1106 629 1253 684 delph.
1299 635 1329 675 t.
1354 632 1424 674 26.
1471 632 1583 686 (non
1618 629 1759 672 Chaix
1789 642 1834 670 1n
1870 627 1975 671 vill.

297 766 341 809 δ.
375 762 669 813 sudeticum,
704 763 848 803 caulis
877 761 1047 816 pedalis
1080 760 1287 815 foliosus,
1319 760 1443 802 foliis
1475 760 1736 802 lanceolatis
1768 760 1839 801 vel
1872 759 1975 801 den·

180 821 410 873 ticulutis,
455 821 648 861 caulinis
693 821 769 861 vix
813 822 880 860 vel
916 833 1064 874 parum
1098 825 1265 860 tantum
1299 819 1572 869 minoribus,
1618 820 1712 861 1-3
1744 819 1973 872 cephalus,

182 879 392 935 capitulis
423 881 594 934 magnis
632 884 672 920 et
710 878 1056 932 spectabilibus:
1122 877 1179 917 H.
1215 878 1411 932 alpinum
1443 878 1487 920 4.
1522 875 1766 918 sudcticum
1799 876 1975 918 Wimm.

180 944 221 980 et
254 937 390 979 Grab.
422 938 450 979 l.
485 933 524 982 c,
560 937 674 993 (non
709 936 763 977 H.
799 936 1043 976 sudeticum
1079 934 1283 990 Sternb.)

302 1028 340 1056 ε.
373 1010 676 1065 nigrescens,
711 1008 823 1049 folia
855 1007 1068 1048 radicalia
1100 1011 1257 1059 ovata,
1303 1006 1540 1060 petiolata,
1588 1005 1788 1058 dentata,
1837 1005 1979 1048 caulis

185 1067 468 1121 subpedalis,
503 1067 548 1108 in
582 1067 724 1108 medio
758 1066 866 1106 folio
900 1066 1029 1106 unico
1063 1063 1251 1118 minori3
1285 1064 1559 1105 involucrum
1581 1065 1689 1105 setis
1717 1064 1823 1105 atris
1849 1065 1977 1119 glan-

186 1125 394 1168 duliferis
438 1125 686 1181 paucisque
729 1123 1008 1180 longioribus
1060 1121 1338 1178 simplicibus
1398 1122 1522 1176 apice
1578 1122 1705 1163 canis
1760 1123 1979 1164 obsitum:

182 1183 241 1225 H.
275 1183 476 1239 alpinum
520 1186 560 1226 5.
605 1183 872 1239 nigrescens
917 1181 1094 1223 Wimm.
1141 1186 1182 1222 et
1225 1180 1359 1221 Grab.
1405 1179 1450 1220 fl.
1493 1180 1564 1222 sil.
1585 1183 1627 1222 3.
1665 1182 1758 1223 182.
1822 1181 1978 1222 Hiera·

184 1242 303 1284 cium
325 1255 544 1284 murorum
577 1241 728 1293 refert,
763 1240 843 1282 sed
867 1240 1133 1295 pedunculis
1166 1238 1330 1296 angulo
1358 1243 1489 1281 acuto
1515 1244 1793 1294 angustoque
1819 1239 1978 1280 erectis

187 1300 338 1342 statim
394 1299 700 1358 dignoscitur3
756 1299 801 1341 in
857 1299 915 1339 H.
968 1311 1188 1340 murorum
1239 1296 1478 1352 pedunculi
1527 1310 1700 1352 semper
1750 1296 1983 1338 divaricati

188 1364 310 1400 sunt.
344 1381 401 1388 —-
461 1357 520 1400 H.
555 1359 815 1414 nigrescens
849 1357 1002 1398 Willd.
1036 1370 1104 1399 en.
1125 1360 1167 1401 2.
1200 1357 1300 1400 823.
1340 1355 1470 1396 Link.
1503 1359 1636 1399 en.2.
1671 1369 1715 1410 p.
1741 1357 1870 1405 285.,
1904 1355 1982 1396 hu-

189 1415 340 1458 milius
373 1419 468 1468 est,
516 1430 646 1471 quam
691 1416 833 1458 forma
878 1415 950 1458 hic
981 1414 1234 1472 descripta,
1279 1418 1426 1456 tamen
1469 1413 1526 1456 ad
1556 1413 1797 1457 varietates
1831 1414 1885 1456 H.
1919 1413 1983 1455 al-

186 1474 282 1531 pini
314 1475 538 1530 pertinere
576 1474 764 1516 videtur.

307 1561 378 1604 26.
429 1560 486 1602 Η.
521 1572 788 1602 sunssncmvt
831 1558 1121 1616 (Sternberg.
1155 1559 1202 1601 in
1234 1559 1464 1601 denkschr.
1499 1559 1539 1600 d.
1573 1560 1660 1601 bot.
1699 1573 1789 1615 ¹aes.
1823 1559 1868 1601 in
1904 1559 1986 1602 Re-

188 1619 344 1676 gensb.
382 1621 418 1661 1.
453 1621 491 1661 2.
525 1632 567 1673 p.
592 1619 662 1662 62.
695 1625 724 1659 t.
742 1621 783 1662 5.
827 1617 1034 1672 optima.)
1080 1619 1214 1660 caule
1254 1618 1389 1672 apice
1432 1618 1748 1673 corymbifem
1791 1633 1820 1659 α
1864 1618 1988 1674 basi-

181 1678 361 1732 folioso
393 1677 581 1718 hirsuto
614 1677 748 1730 apice
776 1677 1058 1732 pedunculis
1089 1676 1422 1732 involucroque
1451 1677 1574 1730 pube
1606 1677 1847 1718 stellulata
1879 1677 1986 1733 sub·

191 1744 467 1778 canescente
499 1743 543 1776 et
575 1735 1084 1790 ylmzcluloso-piloso,
1124 1736 1237 1789 pilis
1278 1735 1520 1776 acerrimis
1551 1736 1843 1777 intermixtis
1875 1736 1986 1794 sim-

186 1794 390 1850 plicibus
422 1793 713 1848 longioribus
745 1794 880 1847 apice
912 1794 1073 1845 canis,
1111 1794 1249 1848 foliis
1292 1794 1525 1835 viridibus
1570 1794 1729 1834 subtus
1763 1794 1964 1850 margine

193 1865 279 1908 que
309 1853 493 1894 hirsutis
526 1851 715 1894 dentatis
747 1852 960 1907 ellipticis
993 1852 1088 1893 basi
1134 1853 1400 1905 attenuatis,
1449 1852 1719 1893 radicalibus
1761 1847 1985 1893 inferiori‘

190 1911 362 1966 busque
392 1909 632 1966 petiolatis,
666 1910 970 1964 superioribus
1005 1910 1257 1951 sessilibus.
1291 1907 1358 1963 ZJ..
1397 1910 1448 1950 In
1483 1910 1652 1951 sudetis
1687 1911 1807 1951 circa
1837 1910 1985 1952 fontes

190 1968 317 2011 fluvii
337 1968 466 2009 Albis
494 1974 535 2008 et
561 1967 606 2008 in
634 1968 905 2025 graminosis
934 1967 988 2010 ad
1011 1968 1178 2024 apicem
1205 1969 1367 2009 montis
1387 1968 1642 2024 Veigestein
1672 1968 1799 2020 dicti,
1835 1968 1988 2010 Stern-

192 2028 330 2084 berg,
376 2027 447 2079 (in
481 2025 604 2066 horto
637 2033 788 2067 nostro
821 2039 845 2066 e
875 2027 1044 2068 semine
1076 2026 1192 2068 horti
1225 2025 1471 2083 Pragensis
1512 2026 1714 2068 eductum
1761 2027 1875 2068 laete
1918 2027 1987 2068 vi·

192 2091 294 2142 get,
339 2097 423 2126 nec
454 2084 660 2126 reiterata
697 2084 868 2125 satione
901 2089 1113 2126 mutatum
1159 2086 1267 2136 est.)
1317 2085 1421 2126 Jun.
1453 2084 1542 2127 Jul.
1606 2085 1662 2125 H.
1697 2084 1990 2141 pulmonaroi-

192 2144 272 2185 des
306 2140 445 2184 Presl.
478 2141 595 2184 cech.
629 2156 668 2198 p.
696 2143 790 2186 159.
827 2145 933 2195 (non
968 2143 1168 2196 Vill.)—
1212 2141 1365 2184 Refert
1397 2143 1454 2186 H.
1489 2144 1743 2199 vulgatum,
1788 2143 1866 2185 sed
1899 2157 1991 2185 ccr-

190 2200 364 2244 tissime
407 2201 463 2242 H.
507 2201 657 2256 alpino
709 2200 1030 2256 propinquius,
1092 2201 1204 2242 licet
1255 2207 1344 2243 toto
1387 2201 1540 2243 habitu
1585 2203 1639 2243 ab
1675 2203 1757 2244 boc
1800 2202 1990 2244 recedat.

194 2261 261 2301 Ab
294 2260 350 2300 H.
383 2259 565 2315 vulgato
599 2258 745 2300 differt
777 2259 880 2313 pilis
924 2259 1243 2316 glanduliferis
1285 2260 1504 2301 involucri
1548 2273 1644 2302 cum
1691 2260 1840 2301 multis
1883 2261 1989 2302 sim-

229 2317 391 2359 licibus
423 2316 703 2374 longioribus
736 2317 886 2358 mixtis
921 2325 963 2360 et
995 2318 1196 2360 acheniis
1228 2318 1534 2375 longioribuS,
1569 2323 1615 2360 ut
1646 2319 1702 2360 H.
1735 2319 1902 2374 alpini3
1936 2319 1992 2360 ab

196 2331 280 2416 boc
313 2374 435 2416 foliis
467 2375 672 2416 omnibus
710 2375 922 2430 ellipticis
954 2376 1191 2430 ovatisque
1223 2380 1265 2417 et
1305 2377 1433 2418 caule
1477 2389 1668 2432 superne
1710 2377 1992 2432 paniculato;

194 2432 253 2501 H.
286 2431 596 2532 pr¹enantboidi
629 2446 804 2490 quoque
836 2447 924 2476 non
966 2434 1201 2487 absimile,
1252 2434 1332 2475 sed
1381 2433 1491 2476 folia
1521 2434 1775 2490 neutiquam
1822 2436 1991 2534 αιιηέθ-

194 2503 323 2533 xicau
347 2504 403 2532 ia.
1948 2524 1960 2535 ,

313 2595 385 2638 27.
431 2591 488 2632 H.
522 2604 776 2634 thLGA'ruM
817 2591 989 2646 (Fries.
1032 2592 1170 2634 novit.
1213 2592 1257 2633 fl.
1303 2604 1424 2633 suec.
1459 2592 1590 2638 ed.2.
1624 2606 1664 2648 p.
1687 2593 1813 2649 258.)
1861 2595 1996 2635 caule

202 2650 521 2704 corymbifero
565 2665 595 2692 α
639 2651 743 2692 basi
763 2651 944 2704 solioso
988 2651 1124 2705 apice
1164 2651 1445 2703 pedunculis
1485 2651 1817 2707 incolum-oque
1869 2653 1996 2706 pube

201 2711 379 2751 stellata
411 2710 753 2750 canescentibus
780 2710 983 2764 pilisque
1014 2709 1256 2750 acerrimis
1291 2708 1625 2763 ,qlanduliseris
1669 2710 1824 2761 hirtis,
1859 2711 1997 2764 soliis

195 2767 428 2809 viridibus
469 2768 623 2808 subtus
672 2768 960 2822 margineque
1018 2766 1201 2807 hirsutis
1247 2768 1730 2809 ovato-lanceolaeis
1783 2770 1996 2810 oculisve

198 2826 303 2867 basi
334 2825 610 2881 arzgyustatis
642 2825 863 2877 dentatis,
908 2824 1116 2866 dentibus
1162 2825 1316 2866 baseos
1350 2825 1712 2879 profundioribus
1746 2834 1996 2868 antrorsum

198 2885 371 2936 versis,
406 2884 597 2926 caulinis
632 2884 772 2924 tribus
807 2882 1092 2938 pluribusve,
1139 2881 1411 2924 radicalibus
1455 2884 1737 2938 caulinisquc
1770 2885 1997 2926 inferiori-

200 2943 285 2984 bus
318 2942 558 2998 petiolatis‚
595 2941 900 2996 superioribus
936 2940 1276 2983 subsessilibus.
1312 2938 1381 2993 21..
1415 2941 1466 2982 ln
1499 2941 1672 2996 sylvis,
1715 2943 1824 2984 locis
1859 2943 1999 2985 incul-

205 3000 289 3052 tis,
323 3002 437 3042 inter
469 3000 690 3042 fruticeta.
753 3000 856 3041 Jun.
888 2998 978 3041 Jul.
1032 2999 1087 3040 H.
1122 3013 1343 3040 murorum
1377 3017 1422 3055 y.
1458 2998 1505 3039 1..
1540 3013 1608 3054 sp.
1643 3000 1699 3055 pl.
1731 3003 1872 3053 1129„
1905 3015 1998 3044 sec.

203 3056 346 3099 Fries.
409 3057 466 3099 H.
501 3072 719 3099 murorum
754 3076 799 3118 γ.
833 3059 959 3100 caule
993 3058 1137 3113 magis
1170 3057 1330 3098 folioso
1373 3057 1486 3098 Poll.
1521 3059 1609 3112 pal.
1631 3062 1671 3101 2.
1708 3073 1752 3114 p.
1776 3063 1875 3103 392.
1937 3061 1996 3102 H.

207 3129 426 3157 murorum
462 3116 524 3157 11.
558 3117 823 3170 sylvaticum
861 3116 1005 3159 Gaud.
1051 3117 1162 3157 helv.
1183 3116 1223 3156 5.
1258 3129 1298 3168 p.
1329 3117 1419 3160 104.
1484 3116 1537 3155 Η.
1570 3117 1836 3170 sylvaticum
1875 3118 1994 3160 Lam.

208 3173 309 3215 dict.
330 3176 371 3217 2.
402 3175 501 3218 366.
548 3173 657 3216 vill.
692 3175 836 3231 dclpb.
859 3177 900 3218 3.
936 3189 975 3230 p.
1003 3177 1095 3217 125.
1146 3173 1212 3214 Fl.
1249 3174 1346 3214 dun.
1380 3179 1409 3214 t.
1436 3175 1561 3219 1113.
1608 3173 1766 3216 Smitb.
1801 3177 1919 3232 cngl.
1955 3177 2008 3216 fl..

210 3233 254 3277 3.
286 3233 386 3277 361.
419 3255 475 3263 -·—
536 3232 733 3276 Gouanii
767 3235 947 3290 planta,
986 3234 1039 3275 H.
1075 3232 1341 3288 sylvaticum
1375 3232 1533 3274 illustr.
1569 3246 1609 3289 p.
1631 3233 1743 3287 56.,·
1767 3233 1837 3276 hic
1872 3234 1997 3277 citari
