2200 3525
247 151 345 198 644
919 130 1373 186 SALICINEAE.
1853 150 2019 191 sign<

394 336 401 344 .
436 299 654 345 caerzdea
676 327 688 347 ‚
735 294 1204 339 foliisadultioribus
1247 293 1493 352 glabratis:
1555 293 1607 338 S.
1642 296 1847 339 caerulea
1880 296 2028 340 Smith

243 366 289 407 in
323 362 442 418 cngl.
479 363 563 400 bot.
597 364 626 398 t.
649 353 778 400 2431.
2051 340 2059 358 ”

363 452 405 492 y.
441 429 675 481 υἱτεῖῐὶηα,
723 425 907 468 ramulis
949 425 1170 467 vitellinis
1203 426 1272 466 vel
1305 426 1418 467 latete
1460 425 1685 467 miniatis:
1748 424 1793 467 S.
1826 421 2096 534 vitellina*

244 493 375 534 Linn.
409 505 474 544 sp.
510 490 566 542 pl.
592 491 634 532 2.
671 486 794 529 1442.
830 485 1037 540 (secund.
1073 484 1374 540 synonyma,)
1428 491 1470 527 et
1512 485 1704 527 omnium
1735 491 1901 528 auctor.
1935 499 2031 543 ger.

242 550 449 592 manicor.
511 547 635 587 Haec
665 543 854 586 surculis
887 548 1169 599 propagatur.

367 662 462 695 Sect.
486 661 532 695 11.
586 659 896 694 Amrssnauuun.
952 656 1134 700 Squamae
1167 656 1301 689 amenti
1331 657 1568 701 concolores,
1607 659 1708 691 luteo
1728 659 1916 701 -virides,
1947 667 2026 701 per·

240 710 428 741 sistentes.
2059 715 2070 744 ῐ

370 778 524 810 ‚amenta
545 779 587 809 ut
612 777 648 808 iu
673 776 836 808 sectione
856 773 1106 811 antecedente,
1133 772 1195 803 sed
1213 780 1387 813 squamae
1405 773 1620 812 persistunt.
1659 772 1865 806 Nectar-ium
1885 775 2031 817 duplex.

243 822 423 864 Capsulae
448 822 594 852 brevius
621 820 814 859 longiusve
848 817 1099 860 pedieellatae.
1146 814 1258 848 Stam.
1283 816 1374 854 2-3‚
1412 816 1487 846 basi
1523 816 1672 855 paulum
1705 818 1937 849 cohaerentia
1968 820 2032 850 ibi·
2059 847 2061 849 .

241 869 395 907 demque
419 865 574 896 hirsuta.
622 863 727 894 Folia
751 861 956 893 lanceolata
980 860 1036 890 vel
1063 859 1462 901 oblongo-lanceolata
1487 861 1694 890 acuminata
1719 860 1948 901 glaberrin1a‚
1973 861 2031 893 vel
2061 860 2076 910 ξ

242 912 389 942 iuniora
421 908 509 948 pilis
543 907 733 948 adpressis
768 906 918 936 sericeis
953 904 1148 946 adspersa,
1179 902 1306 934 adulta
1335 911 1420 934 vero
1455 901 1633 944 glabrata.
1678 901 1843 937 Frutices
1867 904 2029 947 altiores,

241 963 350 995 saepe
375 953 673 990 arboreseeutes,
698 951 809 980 ramis
835 948 1016 979 vimineis.

358 1041 398 1083 5.
442 1036 493 1079 S.
527 1045 841 1078 AMYGDALI'NA
874 1034 952 1090 (L.
987 1047 1052 1088 sp.
1079 1032 1228 1088 1443.)
1261 1032 1491 1084 triandra,
1542 1032 1730 1074 amentis
1762 1033 2030 1088 pedunculu-

242 1099 330 1148 fis,
375 1097 624 1152 pedunculo
656 1095 837 1145 foliato,
881 1093 1093 1148 squamis
1121 1092 1487 1146 persistentibus
1531 1092 1855 1133 concoloribus
1895 1093 2030 1146 apice

241 1156 452 1213 ylabris,
511 1154 712 1209 capsulis
759 1151 1104 1193 ovato-conicis
1152 1150 1469 1191 obtusiusculis
1519 1151 1690 1204 glabris
1736 1150 2028 1205 pedicellatis,

242 1215 460 1270 pedicello
494 1213 735 1254 nectarium
771 1210 839 1250 bis
872 1215 993 1250 terve
1025 1215 1287 1262 superante,
1321 1209 1438 1260 stylo
1471 1207 1767 1259 brevissimo,
1812 1209 2030 1261 stigmati-¹

244 1277 326 1313 bus
373 1271 702 1312 horizontaliter
743 1268 1075 1322 divergentibus
1121 1265 1436 1320 emarginatis,
1482 1266 1604 1307 foliis
1648 1261 1909 1307 lanceolatis
1955 1268 2031 1308 ob-

242 1327 452 1388 longisve
492 1327 754 1370 acuminatis
798 1326 986 1367 serratis
1032 1324 1345 1380 glaberrimis‚
1395 1324 1572 1378 stipulis
1619 1324 1936 1365 semicor'datis.
1969 1323 2029 1383 Τ).

242 1390 310 1431 Ad
344 1388 461 1444 ripas
496 1387 612 1428 etin
647 1384 891 1440 paludosis.
952 1383 1095 1437 April.
1131 1382 1235 1422 Mai.
1302 1381 1366 1422 cl.
1402 1381 1747 1437 Wablenbergio
1792 1392 2030 1434 praeeunte

243 1461 399 1489 nomen
434 1446 479 1487 S.
515 1444 830 1500 amygdalinae
863 1441 1064 1496 praetuli.
1128 1439 1376 1481 Multifarie
1409 1446 1450 1480 et
1484 1441 1687 1480 foliorum
1722 1440 1955 1481 latitudine
1987 1444 2030 1484 et

244 1507 438 1561 paginae
471 1503 698 1546 inferioris
732 1503 875 1542 colore
907 1500 1077 1541 variatx
1119 1499 1309 1540 occurrit
1341 1512 1496 1551 nempe
1525 1498 1649 1539 foliis
1683 1500 2028 1540 ovato-lanceo-

242 1566 375 1615 latis,
425 1558 916 1617 oblongo-lanceolatis
957 1564 999 1598 et
1039 1558 1221 1598 lineari-
1244 1557 1529 1609 lanceolatis,
1580 1557 1674 1596 basi
1711 1557 1952 1598 rotundatis
1986 1562 2028 1600 et

243 1622 343 1663 basi
370 1622 627 1671 attenuatis,
662 1620 817 1659 subtus
844 1616 1083 1667 viridibus,
1119 1615 1328 1669 pallidius
1345 1615 1536 1670 quidem,
1558 1629 1685 1669 quam
1705 1616 1749 1655 in
1772 1616 1934 1670 pagina
1955 1630 2029 1657 su..

244 1682 441 1734 periore,
488 1678 565 1720 sed
607 1677 827 1719 viridibus
871 1681 913 1716 et
945 1673 1282 1729 splendentibus
1316 1686 1398 1714 nec
1432 1673 1518 1714 ullo
1551 1674 1676 1714 modo
1709 1675 2031 1728 glaucescenti-

188 1735 189 1738 ¹
242 1741 341 1792 bus,
378 1746 508 1792 atque
540 1738 694 1777 subtus
730 1733 899 1789 glaucis
933 1741 974 1773 et
1008 1733 1352 1786 niveo-glaucis
1386 1731 1534 1785 opacis
1563 1734 1730 1786 absque
1754 1732 1843 1772 ullo
1869 1733 2025 1785 nitore,

190 1824 199 1827 --
244 1799 314 1838 vel
349 1797 488 1837 medio
523 1795 695 1850 glaucis
731 1792 906 1848 opacis,
955 1792 1050 1832 basi
1095 1790 1308 1845 apiceque
1340 1789 1559 1831 viridibus
1592 1798 1632 1831 et
1665 1790 2026 1844 splendentibus3

245 1857 357 1897 nulli
404 1857 518 1896 inter
568 1859 630 1894 tot
688 1850 1034 1892 modificationes
1089 1850 1253 1889 limites
1310 1848 1494 1904 reperiri
1546 1854 1749 1903 possunt.
1825 1848 2027 1890 Ceterum

245 1914 440 1955 varietas
472 1912 600 1953 foliis
633 1911 787 1951 subtus
825 1908 1019 1964 glaucis,
1054 1908 1192 1948 simili
1224 1906 1350 1947 modo
1383 1907 1744 1963 angustioribus,
1789 1907 2026 1948 latioribus

245 1972 343 2013 basi
369 1969 715 2018 rotundioribus,
750 1967 816 2007 vel
845 1966 987 2021 magis
1014 1965 1254 2006 attenuatis
1283 1966 1483 2017 occurrit,
1513 1979 1640 2019 quam
1665 1965 1871 2016 varietas,
1899 1966 2027 2006 cuius

244 2030 355 2072 folia
397 2029 555 2069 subtus
599 2026 744 2069 virent
785 2024 1116 2078 splendentqne.
1182 2021 1401 2076 Squamae
1445 2025 1605 2064 amenti
1651 2037 1768 2063 nunc
1811 2021 2054 2077 pedicello-

241 2087 496 2144 longiores,
539 2097 655 2127 nunc
698 2083 882 2124 eundem
916 2086 1182 2137 aequantes,
1230 2094 1348 2122 nunc
1381 2080 1607 2122 breviores
1640 2084 1769 2123 etiam
1801 2087 2026 2137 apparent.
2056 2079 2064 2095 ⁷*

241 2146 444 2188 Varietas
464 2159 474 2186 ε

359 2238 404 2263 α.
441 2216 674 2270 discolor,
721 2213 844 2256 foliis
879 2212 1035 2254 subtus
1069 2210 1271 2266 glaucis:
1336 2208 1382 2251 S.
1417 2211 1701 2267 amygdalina
1734 2211 1780 2252 L.
1815 2212 1847 2252 l.
1881 2225 1917 2253 c.
1953 2211 2027 2266 (iu

241 2276 404 2318 Sueeia
437 2277 548 2317 folia
582 2277 735 2314 subtus
769 2285 942 2325 semper
983 2271 1169 2325 glauca:
1214 2268 1354 2309 Fries.
1394 2282 1490 2308 nov.
1526 2277 1657 2310 mant.
1686 2275 1717 2311 1.
1755 2284 1794 2324 p.
1815 2270 1918 2322 42.)
1978 2269 2025 2312 S.

240 2335 512 2377 Villarsiana
546 2331 697 2373 wind.
731 2345 796 2386 sp,
830 2331 886 2385 pl.
907 2332 948 2372 4.
981 2331 1078 2372 655.
1141 2326 1190 2368 S.
1226 2326 1511 2382 amygdalina
1542 2327 1644 2367 Vill.
1682 2328 1883 2381 delph.3.
1907 2330 2024 2381 763„

239 2394 280 2435 si
312 2393 422 2435 folia
462 2390 658 2447 elliptica
699 2395 741 2430 et
781 2393 980 2438 minora,
1030 2385 1262 2442 pollicaria
1304 2386 1374 2425 vel
1416 2385 1826 2440 sesquipollicaria,
1877 2386 2026 2440 qualia

240 2452 477 2507 praecipue
519 2448 761 2505 specimina
803 2447 850 2488 in
900 2443 1150 2500 subalpinis
1201 2448 1330 2484 enata
1383 2444 1625 2498 proferunt.
1701 2443 1746 2486 S.
1783 2443 2026 2499 Hoppeana

238 2510 389 2553 Willd.
422 2523 490 2565 sp.
523 2509 582 2563 pl.
604 2507 644 2553 4.
679 2521 718 2561 p.
736 2507 866 2556 454,
915 2504 954 2545 si
986 2504 1096 2545 folia
1138 2502 1384 2544 lanceolata
1427 2501 1610 2555 basique
1643 2508 1868 2544 attenuata
1910 2509 1950 2544 et
1981 2503 2022 2544 si

241 2575 415 2610 amenta
454 2566 709 2622 plerumque
753 2563 877 2619 apice
922 2563 1115 2604 feminea
1161 2560 1260 2602 basi
1305 2561 1504 2601 mascula
1548 2566 1661 2601 sunt.
1747 2559 2024 2614 Quandoque

238 2635 408 2667 stamen
442 2624 749 2666 intermedium
783 2622 936 2662 florum
969 2618 1245 2675 superiorum
1278 2617 1324 2659 in
1358 2618 1553 2659 ovariurn
1599 2618 1842 2674 perfectum
1888 2626 2022 2659 muta-

237 2690 309 2726 tur
340 2690 381 2726 et
415 2684 519 2725 bina
551 2681 753 2724 lateralia
784 2680 1012 2721 immutata
1043 2683 1305 2731 servantur,
1353 2689 1440 2732 quo
1483 2689 1612 2717 verus
1656 2675 1703 2717 fit
1747 2675 1826 2717 flos
1857 2675 2025 2717 herma-

236 2742 467 2799 phroditus
500 2739 714 2783 diandrus
746 2750 1044 2795 monogynus.

357 2824 396 2872 β.
428 2814 662 2866 concolor,
696 2812 821 2854 foliis
848 2811 1005 2851 subtus
1040 2808 1260 2851 viridibus
1293 2807 1364 2849 vel
1395 2807 1571 2863 paulum
1605 2805 2019 2862 glaucescentibust

238 2870 287 2914 S.
333 2873 531 2914 triandra
571 2872 625 2913 L.
669 2885 737 2926 sp.
765 2870 919 2922 1442„
972 2868 1151 2910 secund.
1197 2865 1354 2907 Smitb.
1415 2865 1512 2906 brit.
1568 2877 1608 2919 p.
1634 2865 1754 2907 1044.
1828 2863 2020 2907 Salicem

235 2932 476 2973 triandram
510 2944 634 2972 suam
666 2929 893 2970 Linnaeus
924 2926 1040 2968 inter
1072 2926 1249 2980 plantas
1283 2924 1486 2966 suecicas
1520 2936 1606 2963 non
1639 2929 1878 2963 enumerat.

352 3001 399 3045 S.
432 3002 759 3058 sempervirens
804 2999 966 3052 Host.,
1023 2998 1069 3039 S.
1103 2996 1305 3052 speciosa
1361 3001 1402 3036 et
1445 2994 1490 3034 S.
1535 2992 1765 3035 tenuiflora
1822 2994 2018 3035 eiusdem

231 3067 349 3102 auct.
385 3068 490 3103 sunt
537 3059 887 3101 modificationes
922 3057 1158 3098 varietatis
1194 3067 1254 3104 ας
1310 3058 1351 3095 et
1384 3051 1429 3094 S.
1462 3053 1704 3109 ligustrina
1735 3053 1861 3096 Host.
1897 3059 1938 3094 et
1969 3052 2017 3094 S.

231 3119 564 3172 alopecuroides
598 3118 800 3160 Tausch.
833 3117 903 3171 pl.r
926 3115 1006 3157 sel.
1039 3112 1273 3155 varietatis
1307 3119 1348 3171 β.

346 3205 386 3246 6.
445 3202 490 3244 S.
526 3215 777 3244 UNDULATA
812 3201 1044 3258 (Ehrhart.
1084 3197 1209 3241 beitr.
1228 3198 1270 3240 6.
1313 3209 1354 3252 p.
1380 3194 1501 3250 101.)
1547 3195 1770 3250 triandra,
1830 3196 2017 3237 amentis

227 3260 536 3319 pedunculatis
555 3292 569 3317 ,
614 3262 860 3317 pedunculo
893 3259 1079 3310 foliato,
1126 3255 1335 3312 squamis
1363 3254 1734 3309 persistentibus
1766 3255 2016 3297 concolori-
