2200 3525
182 149 535 187 mAmcrnum.
740 119 1393 186 RANUNCULACEAE.
1747 174 1750 178 ,
1928 142 1959 192 5

180 297 316 338 losis:
376 295 430 336 T.
462 297 622 336 nutans
653 292 779 335 Desf.
823 292 928 334 tabl.
971 306 1066 347 par.
1102 295 1167 337 ed.
1194 299 1233 342 1.
1269 298 1365 341 123.
1426 293 1520 340 DC.
1551 296 1596 339 ss.
1627 293 1682 340 fr.
1708 296 1749 341 4.
1792 308 1834 355 p.
1852 299 1955 346 876.

180 352 426 395 Selileich.!
473 367 562 394 exs.
593 351 752 393 Differt
783 351 865 393 hoc
896 365 921 392 a
951 349 1001 393 T.
1033 353 1225 407 minore,
1272 369 1453 409 quocum
1487 357 1630 399 colore
1660 356 1853 414 paginae
1883 359 1953 400 in-

176 413 353 455 ferioris
385 409 587 453 foliorum
620 410 852 461 convenit,
889 415 935 451 ut
967 411 1136 464 species
1164 413 1397 466 primaria,
1431 414 1620 470 stipellis
1646 421 1728 457 etc.
1866 415 1925 458 G.

289 486 331 528 6.
366 483 418 524 T.
452 496 640 523 ELATUM
674 481 889 538 (Jacquin
922 481 963 522 h.
996 481 1174 523 vindob.
1196 485 1237 526 3.
1271 490 1299 526 t.
1328 486 1424 542 95.)
1468 487 1592 529 caule
1634 488 1802 530 sulcato
1832 488 1954 543 prui-

175 555 309 593 noso,
343 542 511 582 foliolis
544 541 828 582 subrotundis
861 541 930 581 vel
964 540 1162 581 obovatis
1187 543 1630 597 subseptemdentatis
1655 547 1828 603 glaucis
1852 561 1958 602 opa-

177 601 270 652 cis,
305 600 517 640 auriculis
543 599 803 655 vaginarum
836 598 1053 639 brevibus
1076 601 1351 641 rotundatis
1383 602 1660 646 denticulatis
1687 605 1953 661 subpatulis,

177 658 375 711 stipellis
405 658 574 709 nullis,
607 657 815 711 panicula
847 657 1030 708 diffusa,
1062 658 1200 698 ramis
1217 659 1466 712 patentibus
1499 663 1692 715 strictis,
1726 663 1817 704 flor.
1851 665 1953 706 sub-

174 716 429 757 umbellatis
472 715 868 770 verticillatisque,
913 716 1152 769 pedicellis
1182 717 1390 770 floribus
1431 721 1803 777 staminibusquc
1836 735 1950 776 por-

175 775 347 826 rectis,
392 774 540 815 radice
571 773 744 814 fibrosa.
781 770 848 827 21..
898 774 950 815 In
982 775 1171 815 collibus
1212 775 1310 830 (bei
1344 775 1496 816 Fiume
1527 778 1662 832 Noe.)
1715 780 1817 821 Jun.
1859 780 1951 822 Jul.

173 832 230 873 D.
265 833 367 875 fl.4.
405 835 498 874 133.
545 831 641 873 DC.
674 838 783 886 syst.
808 837 844 874 1.
880 834 972 875 178.
1009 834 1116 874 excl.
1150 847 1245 874 var.
1274 842 1313 892 β.
1343 857 1395 864 -
1437 833 1642 889 Habitus,
1676 837 1794 879 color
1827 839 1953 895 glau-

173 903 251 932 cus
284 896 325 932 et
356 891 558 931 foliorum
592 891 744 942 forma,
778 890 872 932 fere
903 890 955 931 T.
981 890 1194 943 minoris,
1230 891 1306 932 sed
1342 893 1451 933 rami
1483 899 1584 934 sunt
1615 895 1828 948 profunde
1859 898 1951 939 sul-

173 949 286 1002 cati,
330 948 566 1003 pedunculi
600 950 840 990 crassiores
872 949 964 990 fere
997 963 1148 990 omnes
1179 950 1403 991 umbellati
1438 957 1478 991 et
1511 965 1681 1008 semper
1711 954 1843 996 erecti
1878 956 1951 998 vel

171 1008 386 1063 porrecti,
420 1021 501 1048 nec
529 1007 721 1048 stamina
751 1005 972 1061 pendent,
1004 1007 1092 1048 nisi
1125 1013 1265 1050 aetate
1296 1009 1535 1050 emarcida.
1876 1013 1919 1055 J,

291 1084 327 1124 7.
361 1079 413 1120 T.
448 1091 637 1119 nmmum
663 1078 815 1134 (Jacq.
851 1079 893 1120 h.
926 1079 1044 1121 vind.
1064 1081 1105 1123 3.
1138 1086 1167 1121 t.
1187 1079 1284 1136 96.)
1325 1083 1451 1124 caule
1491 1082 1675 1124 sulcato-
1692 1084 1845 1140 glabro
1876 1086 1947 1127 ni-

171 1136 264 1179 tido
296 1138 547 1194 epi-niuoso,
579 1138 716 1178 foliol.
749 1138 1328 1194 oblongo-cuneiformibus
1361 1141 1696 1183 subtridentatis
1727 1143 1947 1187 viridibus

170 1196 329 1237 nitidis
359 1198 514 1236 subtus
546 1197 723 1251 opacis,
770 1197 1024 1238 lateralibus
1056 1211 1188 1251 saepe
1219 1198 1428 1241 indivisis
1463 1200 1693 1254 oblongis,
1733 1201 1946 1244 auriculis

167 1254 372 1295 foliorum
406 1250 855 1310 triangulari-ovatis
887 1254 1170 1297 denticulatis
1202 1258 1361 1299 erectis
1394 1258 1518 1298 cauli
1549 1260 1818 1313 aclpressiS,
1869 1275 1947 1301 ra-

168 1313 537 1366 mificacionihus
573 1313 820 1367 primariis
848 1314 1013 1367 petiolz‘
1041 1315 1321 1368 stipellatis,
1359 1317 1568 1372 panicula
1610 1317 1772 1360 diffusa
1810 1319 1945 1361 ramis

166 1373 448 1427 patentibus,
481 1371 597 1424 flor.
631 1372 968 1413 subumbellatis
1000 1373 1366 1430 verticillatisque
1395 1375 1481 1417 sub
1515 1375 1703 1417 anthesi
1731 1378 1945 1419 stamini-

167 1429 345 1484 busque
371 1431 609 1485 porrectis
648 1431 813 1472 radice
844 1431 1032 1484 fibrosa
1090 1429 1158 1487 ZL.
1221 1433 1272 1474 In
1318 1434 1456 1490 pratis
1496 1434 1687 1477 humidis
1720 1434 1944 1491 depressis

169 1487 345 1545 (haufig
387 1503 455 1530 am
487 1488 597 1531 Ufer
639 1488 718 1531 der
748 1490 905 1531 Donau
942 1491 987 1532 in
1021 1489 1290 1548 Oestreich.)
1343 1492 1445 1535 Jun.
1478 1492 1567 1535 Jul.
1613 1493 1668 1534 D.
1703 1494 1745 1534 fl.
1767 1498 1809 1537 4.
1845 1496 1942 1538 134.

168 1545 220 1586 Τ.
257 1547 449 1588 lucidum
481 1547 531 1588 L.
573 1561 624 1589 ex
655 1549 898 1605 specimine
940 1563 1074 1605 prope
1105 1549 1307 1592 Parisios
1345 1551 1458 1593 lecto
1499 1551 1555 1593 ad
1593 1552 1708 1594 lianc
1749 1553 1943 1608 speciem

165 1606 387 1660 pertinere
417 1607 605 1648 videtur.
637 1630 695 1638 —-
725 1607 922 1649 Medium
948 1608 1073 1662 quasi
1107 1611 1220 1651 inter
1250 1608 1296 1650 T.
1317 1611 1461 1652 minus
1494 1616 1535 1652 et
1559 1610 1745 1665 flavum,
1779 1612 1834 1652 ab
1863 1611 1942 1654 illo

166 1663 259 1704 diff.
293 1663 463 1706 defectu
507 1665 812 1721 glaucedinis,
857 1666 1067 1708 auriculis
1109 1668 1227 1709 cauli
1271 1668 1496 1722 adpressis
1538 1670 1804 1721 majoribus,
1847 1670 1942 1713 flor.

164 1722 413 1764 minoribus
448 1723 787 1775 flavicantibus,
838 1725 1101 1766 staminibus
1133 1728 1214 1768 sub
1247 1727 1418 1768 antliesi
1451 1728 1689 1783 porrectis,
1733 1729 1941 1782 carpellis

164 1779 349 1821 dimidio
383 1781 651 1837 minoribus;
694 1783 748 1823 ab
780 1783 861 1824 hoc
893 1783 1058 1825 ambitu
1088 1784 1237 1825 folior.
1271 1786 1358 1826 late
1390 1786 1682 1842 triangulari,
1725 1787 1939 1829 auriculis

163 1838 243 1882 fol.
278 1840 551 1894 superiorum
579 1854 663 1881 non
691 1840 923 1897 oblongis,
957 1843 1081 1882 caule
1105 1842 1250 1884 minus
1274 1844 1490 1900 profunde
1513 1844 1708 1899 sulcato,
1739 1846 1832 1887 flor.
1851 1858 1940 1887 non

164 1896 301 1938 dense
331 1899 554 1954 congestis
588 1903 630 1939 et
662 1898 855 1940 antheris
889 1898 1083 1946 mutieis,
1851 1902 1909 1945 G.

278 1971 318 2013 8.
351 1969 404 2011 T.
437 1984 638 2012 SIMPLEx
668 1970 743 2022 (L.
776 1977 907 2014 mant.
929 1971 1024 2028 78.)
1058 1974 1184 2016 caule
1215 1975 1411 2029 sulcato,
1450 1974 1590 2018 foliol.
1620 1975 1941 2030 oblongo-cu-

160 2028 316 2069 neatis
348 2028 507 2070 trifidis
539 2029 836 2085 indivisisque
879 2031 1083 2086 oblongis
1114 2033 1305 2088 opacis,
1354 2035 1583 2077 auriculis
1604 2035 1696 2088 fol.
1729 2034 1939 2088 superio-

159 2101 268 2128 rum
297 2087 672 2143 ovato-oblonyis
703 2090 990 2131 acuminatis
1023 2090 1319 2145 denticulatis,
1349 2094 1575 2147 panicula
1604 2093 1936 2148 oblonyo-py-

158 2146 400 2198 ramidali,
434 2147 570 2187 ramis
590 2148 845 2199 racemosis,
866 2147 986 2202 flo'r.
1006 2151 1191 2203 sparsis
1210 2151 1508 2202 nutantibus,
1541 2152 1704 2194 radice
1727 2161 1935 2206 repente.

159 2200 229 2258 Z).-
264 2205 315 2244 In
343 2195 526 2246 collibus
549 2205 744 2247 herbidis
768 2206 1014 2258 (Holstein,
1048 2206 1204 2264 Nolte)
1237 2209 1411 2251 inlocis
1430 2209 1670 2267 uliginosis
1702 2209 1768 2264 (d.
1787 2210 1937 2251 Schw.

158 2262 219 2304 im
253 2262 440 2314 Wallis,
475 2263 645 2304 sowohl
679 2264 762 2306 auf
787 2264 980 2307 Flacben
1011 2266 1078 2308 als
1110 2267 1193 2309 auf
1218 2266 1260 2308 d.
1291 2268 1476 2324 Alpen.)
1525 2268 1629 2311 Jun.
1661 2267 1751 2311 Jul.
1802 2269 1859 2312 D.
1891 2267 1935 2312 fl.

157 2321 199 2363 4.
233 2323 327 2365 136.
390 2320 442 2362 Τ.
475 2322 619 2362 minus
651 2322 693 2363 fl.
728 2322 767 2364 d.
799 2328 828 2364 t.
853 2324 953 2367 244.

274 2396 315 2438 9.
357 2393 409 2436 T.
445 2407 692 2436 GALIOIDES
726 2394 1033 2452 (Nestler'ap.
1068 2395 1191 2440 Pers.
1224 2411 1326 2453 syn.
1352 2401 1393 2442 2.
1429 2396 1552 2453 161.)
1593 2398 1718 2441 caule
1749 2398 1934 2452 sulcato,

148 2451 331 2507 foliolis
364 2453 533 2494 lucidis
567 2454 826 2496 linearibus
856 2454 1094 2507 indivisis,
1127 2456 1435 2498 terminalibus
1466 2471 1598 2512 saepe
1629 2457 1814 2509 trifidis,
1851 2472 1935 2498 au-

156 2511 320 2552 riculis
339 2511 430 2565 sol.
463 2512 694 2566 superior.
725 2513 1099 2570 ovato-oblongis
1131 2515 1418 2557 acuminatis
1449 2515 1757 2566 denticulatis,
1796 2516 1934 2570 paui-

158 2569 264 2610 cula
293 2569 826 2625 oblonyo-pyramiclali,
859 2572 994 2613 ramis
1018 2574 1275 2628 racemosis,
1293 2575 1410 2628 flor.
1433 2575 1618 2628 sparsis
1635 2574 1931 2625 nutantibus,

154 2627 319 2669 radice
350 2637 553 2682 repenle.
601 2626 781 2683 ‘4111
814 2630 952 2685 pratis
986 2636 1027 2672 et
1057 2631 1234 2672 ericetis
1280 2632 1387 2688 (auf
1414 2632 1490 2673 der
1521 2631 1832 2685 Rheiussiiche,
1861 2633 1934 2674 bei

152 2684 315 2739 Basel,
350 2686 395 2728 iu
424 2687 502 2728 der
524 2686 816 2742 Rlieinpfalz,
851 2688 896 2729 in
919 2687 1306 2743 Oberschwaben,
1341 2690 1650 2743 Oberbayern,
1686 2690 1930 2742 Karnthen,

153 2741 451 2798 Steyermark,
485 2744 729 2800 Oestreicb,
764 2744 1001 2800 nahmen.)
1041 2747 1132 2789 Jul.
1164 2747 1224 2789 D.
1257 2748 1301 2789 fl.
1321 2748 1476 2794 4137.
1517 2748 1569 2790 T.
1596 2748 1933 2804 angustifolium

151 2800 266 2843 Poll.
300 2805 385 2858 pal.
412 2807 453 2846 2.
488 2806 582 2848 101.
629 2802 771 2846 Gaud.
804 2804 918 2847 lielv.
941 2807 984 2848 3.
1015 2806 1114 2850 509.
1148 2819 1245 2848 cum
1278 2807 1431 2848 variet.
1468 2807 1594 2848 Linn.
1627 2820 1679 2861 sp
1720 2807 1819 2851 769.
1850 2820 1931 2861 pro

151 2868 298 2915 parte·
333 2861 472 2905 Bauli,
504 2861 652 2916 prodr.
685 2877 727 2920 p.
748 2863 844 2907 146.
871 2862 927 2906 ic.
971 2862 1039 2906 Ab
1071 2869 1210 2907 antee.
1241 2878 1330 2907 non
1362 2865 1505 2907 differt
1537 2865 1625 2906 nisi
1656 2864 1824 2906 foliolis
1856 2878 1933 2907 an-

156 2919 425 2973 gustioribus
458 2919 628 2962 nitidis.
973 2916 977 2926 ’

235 2987 287 3015 **
332 2991 508 3024 Panicula
531 2991 606 3024 fere
631 2993 858 3035 corymbosa.
895 2990 1022 3025 riores
1046 2993 1084 3026 in
1105 2995 1210 3039 apice
1233 3004 1414 3029 ramorum
1430 2994 1727 3039 ramulorumque
1750 2996 1927 3040 congesti,

343 3034 485 3067 fructus
510 3036 639 3068 ibidem
663 3037 701 3068 in
726 3036 916 3068 fasciculis
939 3036 1074 3069 densis.

269 3093 336 3135 10.
377 3091 428 3132 Τ.
463 3105 839 3134 ΑΝουετη-οωυΜ
883 3093 1034 3150 (Jaeq.
1067 3094 1113 3136 h.
1147 3095 1271 3137 vind.
1299 3099 1340 3139 3.
1374 3100 1402 3138 t.
1427 3093 1530 3152 43.)
1573 3095 1699 3138 caule
1738 3097 1928 3154 sulcato,

151 3147 293 3189 foliol.
328 3150 1222 3206 oblongo-cuneisormibuslinearibusve
1253 3153 1462 3195 indivisis
1494 3153 1739 3210 trifidisque
1769 3155 1927 3197 nitidis

152 3207 307 3247 subtus
335 3209 692 3263 pallidior-ibus,
726 3210 938 3251 auriculis
970 3211 1231 3267 vaginarum
1263 3213 1534 3266 superiorum
1566 3214 1720 3255 ovatz‘s
1751 3215 1925 3256 acumi—

151 3264 280 3306 natis
310 3266 500 3322 stipellis
533 3267 694 3324 nullis,
722 3268 950 3324 panicula
981 3270 1379 3325 subcozymbosa,
1399 3270 1512 3324 flor.
1538 3271 1586 3316 in
1609 3273 1744 3327 apice
1767 3287 1924 3315 ramu-
