2200 3525
250 172 350 224 222
938 153 1344 218 ROSACEAE.
1877 173 2034 211 nosA.

249 329 307 360 vel
329 326 474 360 bractea
496 323 621 364 unica,
655 331 674 355 e
699 321 796 362 solio
819 321 866 354 αιί
886 320 1059 363 stipulam
1090 321 1237 355 reducto
1268 324 1375 359 orta,
1408 320 1506 354 fulti.
1553 319 1717 361 stipulae
1749 319 2034 361 subcmzj'ormes.

251 372 387 403 Trunci
408 371 577 409 juniores
602 367 888 407 aculcatissimi,
921 366 1058 398 aculeis
1084 366 1282 408 gracilibus
1308 366 1416 397 rectis
1443 366 1498 396 vel
1524 367 1700 398 reversis.
1734 365 1796 395 sed
1822 374 1892 396 non
1919 374 2038 396 recur-

251 417 367 456 vatis,
401 411 676 452 inaequalibus,
710 412 928 441 intermixtis
957 411 1186 442 tenuioribus
1211 409 1397 441 setulosis.
1447 408 1634 450 (Stipulae
1669 402 1703 439 in
1730 409 1900 439 omnibus
1924 406 2037 439 florae

251 463 398 492 nostrae
422 456 612 497 speciebus
640 453 776 495 petiolo
803 453 1120 494 longitndinaliter
1145 455 1195 485 ita
1218 453 1390 494 aduenae,
1416 458 1456 484 ut
1482 462 1564 493 pars
1593 452 1726 487 libera,
1753 451 1939 491 auricula,
1966 451 2039 492 ple-

253 511 404 542 rumque
430 499 625 538 conspicue
651 499 794 527 brevior
816 498 886 537 sit,
920 506 1025 538 quam
1052 506 1136 538 pars
1160 497 1303 527 adnata.
1352 496 1389 527 lu
1416 496 1524 527 Rosis
1552 496 1764 527 banksianis
1790 499 1824 525 et
1850 495 1934 525 aliis
1959 504 2037 535 spe-

250 547 374 577 ciebus
401 544 580 574 extraneis
601 540 760 581 stipulae
780 550 858 571 cum
878 544 1034 581 angusta
1054 541 1130 571 basi
1150 540 1302 572 adnatae
1326 543 1361 570 et
1386 539 1461 571 fere
1488 539 1623 571 liberae
1647 544 1744 571 sunt.
1792 537 1948 573 Fructus
1973 540 2038 569 ant

250 598 330 619 sero
356 589 531 618 autumno
558 588 591 615 et
617 585 754 625 hyeme,
781 589 843 615 aut
862 584 937 622 jam
963 585 1130 626 Augusto
1157 588 1190 614 et
1215 582 1416 624 Septembri
1443 583 1572 614 molles
1599 586 1633 613 et
1659 582 1805 623 pulposi
1832 581 1944 622 fiunt3
1972 581 2038 612 hos

251 631 499 673 praecor-iores
525 629 719 668 ῃιιΙροδοε,
752 631 785 658 et
813 627 896 658 illos
922 629 1101 667 seriores,
1136 628 1197 668 qui
1223 636 1341 668 usque
1367 626 1410 657 ad
1436 625 1541 658 finem
1567 624 1792 668 Septembris
1826 626 1906 657 duri
1942 627 2039 656 inve-

249 676 421 714 niuntur,
445 671 628 704 coriae-eos
654 673 689 703 et
711 671 964 713 cartilaginea-3
989 671 1184 713 appellavi.

371 761 407 803 1.
452 759 500 800 R.
537 770 684 798 LUTEA
719 757 907 812 (Miller.
942 757 1042 798 dict.
1078 771 1119 797 n.
1147 755 1238 811 11.)
1285 754 1452 796 aculeis
1485 755 1675 796 caulium
1708 753 2038 795 hornotinorum

250 819 382 861 rectis
415 817 626 859 confertis
660 817 969 870 inaequalibus
1005 815 1241 855 maioribus
1275 813 1511 863 subruatis,
1551 813 1798 853 minoribus
1831 813 2037 864 setaceis,

251 890 469 919 ramorum
515 875 685 930 sparsis
729 874 1021 914 validioribus
1064 872 1371 922 suliarcuatis,
1421 871 1588 911 foliolis
1621 872 1718 913 5-9
1751 870 2039 910 subrotundis

251 935 520 990 ellipticisve
554 933 856 975 concoloribus
891 930 1371 985 duplicato-serratis,
1406 928 1585 984 stipulis
1619 927 1820 968 omnibus
1865 928 2038 968 confor-

250 995 396 1036 mibus
428 991 574 1048 planis
608 992 806 1048 margine
838 989 1012 1031 reflexis
1047 987 1472 1039 lineari-euocatis,
1524 986 1734 1027 auriculis
1779 986 2040 1027 lanceolatis

252 1051 515 1094 acuminatis
548 1049 910 1106 divergentibus‚
948 1048 1126 1088 laciniis
1160 1046 1325 1102 calycis
1359 1045 1714 1101 appendiculatis
1749 1045 1914 1085 corolla
1947 1045 2042 1085 bre-

251 1111 468 1162 vioribus,
504 1110 718 1151 fructibus
751 1106 909 1147 erectis
943 1104 1370 1161 depresso-globosis
1405 1105 1559 1158 calyce
1590 1103 1855 1158 persistente
1889 1108 2041 1157 paten-

251 1170 422 1212 tissimo
455 1169 526 1210 vel
560 1166 715 1207 reflexo
749 1164 983 1206 coronatis.
1029 1162 1085 1222 i)-
1142 1162 1296 1204 Patria
1343 1163 1582 1204 secundum
1618 1160 1734 1201 DeC.
1771 1162 1951 1216 ignota3
1993 1161 2042 1202 in

253 1229 420 1270 ditione
451 1227 492 1268 fl.
526 1233 660 1267 nostr.
697 1225 801 1265 hinc
833 1223 935 1264 inde
968 1223 1013 1263 in
1056 1222 1237 1277 sepibus
1283 1222 1412 1276 quasi
1456 1227 1611 1274 sponte
1633 1220 1874 1274 ¹provenit.
1939 1219 2042 1260 Jun.

251 1286 349 1328 Jul.-
387 1286 443 1327 D.
477 1285 518 1326 fl.
536 1287 576 1328 3.
610 1297 649 1339 p.
669 1283 769 1325 444.
835 1281 881 1321 R.
918 1280 1174 1336 Eglanteria
1220 1279 1266 1320 L.
1301 1294 1365 1334 sp.
1400 1294 1442 1334 p.
1466 1281 1576 1329 703,
1629 1278 1736 1318 excl.
1782 1278 2042 1333 synonymis

253 1346 308 1388 ad
349 1344 400 1386 R.
433 1343 734 1399 rubiginosam
783 1344 824 1381 et
866 1339 1268 1394 pimpinellifoliam
1313 1335 1685 1392 pertinentibus‚'
1714 1337 1818 1389 (non
1851 1336 1964 1377 Mill.
2002 1340 2043 1376 et

250 1404 424 1462 plurim.
471 1402 583 1450 flor.)
635 1400 680 1440 R.
717 1398 1020 1452 chlorophylla
1063 1397 1196 1441 Ehrb,
1231 1396 1354 1437 beitr.
1379 1399 1422 1438 2.
1457 1397 1525 1439 69.
1586 1394 1639 1440 R.
1672 1395 1836 1435 foetida
1871 1394 2042 1434 Herrm.

254 1463 361 1504 diss.
386 1463 448 1505 18.
495 1473 575 1500 nec
615 1458 738 1498 Bast.
805 1456 854 1496 R.
888 1457 1073 1510 vulpina
1106 1455 1261 1496 &Valla
1295 1468 1382 1495 ros.
1427 1468 1465 1508 p.
1486 1455 1585 1497 301.
1649 1453 1817 1494 Flores
1861 1453 2044 1506 pulchre

252 1520 474 1569 vitellini‚
508 1516 738 1559 antherae
770 1514 874 1556 basi
905 1515 1156 1567 hastatae,
1190 1514 1358 1554 fructus
1390 1511 1762 1552 luteo-coccinei.
1825 1511 2002 1551 Variat:

374 1587 412 1637 β.
441 1578 668 1632 punicea,
703 1574 888 1616 floribus
920 1573 1146 1628 puniceis:
1210 1571 1260 1613 R.
1295 1571 1480 1625 punicea
1513 1570 1625 1610 Mill.
1663 1569 1763 1610 dict.
1797 1583 1841 1610 n.
1869 1572 1951 1613 12..
1990 1566 2044 1608 R.

252 1638 422 1681 bicolor
451 1635 578 1691 Jacq.
613 1635 654 1676 h.
687 1633 810 1675 vind.
835 1636 869 1675 l.
903 1637 931 1673 t.
956 1637 990 1675 1.
1048 1630 1099 1671 R.
1126 1632 1242 1672 lutea
1275 1639 1314 1690 β.
1350 1629 1529 1671 bicolor.
1562 1627 1716 1670 Willd.
1752 1642 1816 1684 sp.
1844 1630 1885 1671 2.
1920 1627 2044 1671 1064.

300 1745 308 1756 1
370 1729 413 1770 2.
446 1723 497 1765 R.
532 1732 955 1765 PIMPINELLn-*onm
989 1717 1221 1774 (Decand.
1248 1717 1391 1774 prodr.
1414 1720 1451 1759 2.
1485 1730 1525 1771 p.
1545 1713 1674 1768 608.)
1708 1714 1884 1756 aculeis
1916 1713 2045 1755 inae-

256 1784 474 1841 qualibus
506 1782 742 1823 subulacis
773 1779 1066 1834 setaceisque
1101 1777 1268 1830 rectis,
1303 1783 1550 1817 truncorum
1586 1774 1914 1814 hornotinorum
1948 1785 2048 1813 con·

256 1844 410 1894 fertis,
443 1855 659 1882 ramorum
694 1838 887 1895 sparsis,
932 1837 1099 1878 foliolis
1132 1837 1230 1880 5-9
1263 1833 1548 1876 subrotundis
1581 1833 1840 1873 ovalibusve
1873 1831 2047 1885 simpli-

259 1904 368 1944 citer
400 1902 470 1942 vel
505 1896 983 1954 duplicato-serratis,
1036 1894 1271 1936 serraturis
1315 1893 1508 1948 patuliS,
1555 1891 1732 1945 stipulis
1774 1891 2048 1931 lineari-cu·

258 1960 429 2013 neatis,
461 1958 674 2000 auriculis
707 1955 965 1997 lanceolatis
999 1953 1262 1995 acuminatis
1296 1950 1746 2005 subdivergentibus,
1782 1949 2048 1997 ramulorum

257 2018 505 2060 florentium
540 2010 796 2065 latioribus,
841 2013 1026 2054 laciniis
1069 2011 1247 2064 calycis
1278 2009 1477 2063 integyris
1510 2008 1686 2049 corolla
1719 2007 1915 2048 dimidia
1948 2006 2049 2046 bre-

257 2077 467 2118 vioribus
499 2072 1024 2123 lineari-acuminatis,
1069 2069 1331 2124 pedunculis
1365 2066 1581 2116 unifloris,
1618 2066 1860 2106 fructiferis
1896 2064 2045 2114 rectis,

249 2135 497 2191 fructibus
522 2130 990 2186 depresso-ylobosis
1023 2127 1251 2170 coriaceis
1282 2126 1444 2178 calyce
1465 2124 1749 2176 persistente
1775 2122 2048 2164 connivente

261 2193 517 2237 coronatis.
550 2190 608 2250 'b-
644 2191 693 2231 In
728 2191 915 2231 collibus
949 2187 1156 2240 incultis,
1205 2184 1413 2225 montium
1447 2183 1696 2222 declivibus
1730 2180 1944 2235 petrosis,
1993 2179 2046 2220 ad

260 2253 358 2294 vias
391 2259 433 2294 et
465 2264 668 2307 agrorum
702 2247 922 2303 margines
956 2252 997 2286 et
1030 2245 1083 2285 ad
1115 2245 1264 2285 littora
1296 2242 1429 2282 maris
1464 2254 1673 2292 arenosa,
1720 2238 2048 2294 (stellenweise

262 2312 399 2354 durch
447 2311 487 2352 d.
533 2322 674 2366 ganze
714 2307 897 2356 Gebiet,
944 2302 1101 2356 jedoch
1144 2301 1266 2342 nicht
1309 2299 1518 2354 iiberall.)
1563 2299 1668 2342 Jun.
1703 2298 1792 2339 Jul.
1849 2297 1904 2337 D.
1940 2296 1980 2336 fl.
2004 2298 2047 2339 3.
2092 2299 2098 2301 '

259 2384 302 2426 p.
321 2371 420 2413 445.
483 2367 535 2409 R.
560 2365 873 2423 spinosissima
905 2361 1061 2402 Smith.
1095 2361 1211 2415 engl.
1246 2359 1287 2400 fl.
1310 2361 1353 2400 2.
1386 2359 1485 2402 375.
1534 2357 1586 2398 R.
1608 2355 1866 2411 campestris
1890 2355 2048 2396 Wallr.

261 2442 352 2473 ros,
381 2429 473 2472 110.
537 2426 585 2468 R.
615 2422 866 2482 Eglenteria
899 2420 945 2462 C.
976 2419 1118 2460 Bauh.
1154 2418 1225 2459 bei
1258 2416 1543 2458 Tabernacm.
1577 2416 1687 2456 krtb.
1723 2429 1761 2468 p.
1789 2415 1911 2458 1495.
1946 2415 2048 2457 n.9.

260 2486 556 2544 Dignoscitur
586 2483 764 2526 laciniis
808 2479 974 2533 calycis
1015 2475 1501 2528 lineari-lamentatis,
1545 2475 1670 2529 apice
1714 2487 1799 2513 non
1844 2467 2050 2513 foli'aceo-

263 2541 489 2596 dilatatis,'
510 2557 593 2585 nec
623 2537 995 2598 appendiculatis,
1027 2534 1304 2591 longitudine
1337 2533 1546 2574 dimidiae
1582 2531 1788 2582 coronae,
1823 2531 1869 2571 in
1903 2530 2049 2571 fructu

262 2603 603 2659 persistentibus
646 2608 687 2642 et
729 2612 902 2641 sursum
946 2593 1311 2644 conniventibus,
1356 2597 1398 2634 et
1439 2592 1656 2633 fructibus
1698 2588 1897 2647 globosis
1940 2587 2049 2628 atris

262 2664 335 2705 vel
367 2658 768 2718 atro-sanguineis
803 2655 972 2699 erectis.
1035 2653 1213 2694 Variat:
1296 2690 1311 2693 c

381 2741 422 2766 α.
446 2719 641 2761 'floribus
676 2718 820 2769 albis,
863 2712 1122 2770 pedunculis
1165 2708 1355 2766 glabris:
1419 2708 1469 2748 R.
1503 2703 1864 2764 pimpinellifolia
1897 2702 1946 2744 L.
1981 2716 2048 2757 sp.

267 2781 306 2823 1.
323 2781 436 2831 7035
457 2785 499 2820 et
533 2777 721 2824 (foliolis
754 2772 1015 2830 simpliciter
1045 2769 1245 2820 serratis)
1280 2767 1332 2807 R.
1362 2767 1675 2823 spinosissima
1707 2773 1746 2824 β.
1779 2762 1928 2804 Lindl.
1961 2774 2050 2802 mo-

263 2850 388 2895 nogr.
423 2851 460 2893 p.
484 2839 554 2880 50.
1104 2861 1106 2863 -

382 2904 422 2954 β.
454 2892 811 2949 spinosissima,
856 2888 1037 2941 eadem,
1075 2883 1337 2943 pedunculis
1369 2881 1584 2939 hispidis:
1644 2879 1701 2927 R.
1735 2877 2051 2936 spinosissima

266 2953 317 2997 L.
350 2969 416 3010 sp.
443 2958 477 2996 1.
515 2955 611 2998 705.
647 2953 758 3007 (non
791 2949 835 2996 fl.
869 2946 1012 3003 lapp.)

382 3029 426 3072 γ.
459 3010 826 3066 m'yrz’acantlza,
874 3007 1051 3057 eadem,
1094 3001 1216 3045 foliis
1250 3000 1403 3042 subtus
1437 2996 1741 3055 glandulosis,
1786 2994 2048 3050 pedunculis

265 3070 436 3130 glabris
481 3072 551 3111 vel
594 3069 810 3125 hispidis:
874 3066 923 3108 R.
957 3059 1255 3119 myriacantha
1288 3058 1383 3100 DC.
1418 3058 1463 3098 fl.
1499 3057 1553 3099 fr.
1571 3057 1612 3099 4.
1643 3057 1742 3099 439.
1777 3054 1927 3095 Lindl.
1964 3067 2051 3093 mo-

209 3134 212 3138 '
265 3142 390 3185 nogr.
426 3143 466 3183 p.
488 3130 557 3170 55.

385 3190 426 3230 δ.
461 3186 708 3239 zeias-tyla,
743 3183 923 3233 eadem,
959 3179 1091 3235 stylis
1124 3175 1341 3231 elongatis
1375 3174 1473 3215 basi
1503 3178 1667 3215 tantum
1703 3171 1907 3224 villosis,
1940 3181 2052 3224 quac

267 3243 461 3288 varietas
494 3246 623 3285 ctiam
661 3245 762 3286 aliis
797 3240 1030 3298 speciebus
1076 3234 1250 3293 propria
1294 3239 1385 3274 est:
1435 3234 1482 3273 R.
1516 3233 1786 3285 microcarpa
1820 3229 1945 3272 ssess.
1982 3241 2050 3268 en.

268 3303 330 3363 pl.
360 3303 478 3345 volh.
503 3317 544 3360 p.
562 3305 639 3347 81.
668 3303 775 3362 (nec
801 3299 979 3358 Lindl.)
1016 3297 1063 3340 R.
1080 3295 1383 3349 melanocarpa
1416 3290 1543 3333 Liuk.
1581 3304 1648 3332 en.
1684 3289 1722 3331 h.
1757 3287 1888 3331 berol.
1906 3290 1946 3332 2.
1980 3289 2050 3331 57.
