2200 3525
172 171 490 208 HIBRACIUM.
819 149 1310 205 COMPOSrrAE.
1864 156 1954 203 451

169 328 314 370 neque
346 313 490 357 caulis
523 324 757 363 ramosus,
796 317 844 354 ut
875 311 920 353 in
954 312 1049 354 boc.
1112 314 1266 356 Flores
1299 313 1561 369 quandoque
1594 313 1779 366 rubeni,
1815 320 1858 356 at
1891 329 1959 357 ca-

172 368 316 430 pitula
359 384 531 427 semper
563 370 697 412 multo
730 369 900 411 minora
933 369 1264 427 (magnitudine
1295 372 1584 428 capitulorum
1615 373 1670 414 H.
1705 375 1956 430 pratensis)

168 437 213 475 ct
243 443 418 488 semper
451 429 717 484 congesta.“
778 425 963 470 Villars.

302 544 396 577 Sect.
422 544 467 576 11.
514 542 703 575 Annum
729 542 885 576 Tausch.
923 553 988 585 pro
1020 547 1136 586 parte.
1185 543 1309 577 Cauiis
1341 546 1425 586 plus
1459 548 1625 578 minusve
1659 546 1833 590 foliatum,
1868 549 1959 582 folia

167 591 312 622 intense
336 588 488 629 glauca,
522 586 728 618 lanceolata
762 587 820 618 vel
854 587 1034 628 oblonga,
1069 587 1281 629 plerumque
1315 589 1401 629 pilis
1426 590 1608 631 elongatis
1634 591 1789 633 villosa,
1825 594 1882 626 vel
1915 596 1959 626 acl

168 631 348 674 petiolum
373 631 534 663 barbata.
588 630 662 662 Pili
694 630 907 672 glandulosi
938 632 976 663 in
1010 631 1230 674 pedunculis
1262 637 1296 663 et
1328 633 1547 675 involucris,
1581 644 1767 676 nunquam
1804 647 1887 670 vero
1921 640 1956 670 in

166 675 271 709 foliis
296 678 331 708 et
354 674 529 706 inferiore
554 678 658 716 parte
680 674 809 706 caulis.

287 775 354 820 15.
409 773 868 818 H.s'rA‘r1cEFoL1UM
912 774 1047 830 (Vill.
1093 774 1236 832 delph.
1258 777 1299 820 3.
1342 790 1385 832 p.
1413 777 1533 830 116.)
1589 781 1712 822 caule
1757 783 1959 827 subando

167 833 565 889 uni-tricephalo,
612 833 873 889 pedunculis
919 833 1141 889 elongatis
1183 847 1373 889 superne
1416 835 1792 890 multisquamosis
1835 843 1957 886 invo-

170 893 383 947 lucroque
415 892 785 944 canescentibus,
838 891 1053 932 involucri
1086 891 1254 934 foliolis
1289 893 1579 947 acuminatis,
1624 896 1747 938 foliis
1793 900 1960 944 radica.

170 952 290 993 libus
324 950 570 992 linearibus
605 951 675 1009 vel
708 949 1242 990 lanceolam-linearibus
1291 951 1611 992 obtusiusculis
1653 962 1816 999 rcmotc
1858 959 1960 1001 den-

169 1009 276 1052 tatis
309 1008 670 1062 integerrimisvc
703 1007 802 1048 basi
836 1006 1071 1048 attenuatis
1114 1007 1312 1062 glabris,
1363 1009 1525 1050 radice
1568 1022 1770 1064 repente.
1805 1014 1874 1072 Q.
1907 1018 1960 1061 ln

169 1067 282 1110 locis
315 1066 547 1108 sterilibus
581 1065 770 1120 petrosis
804 1064 964 1118 alpium
1011 1069 1052 1105 et
1095 1065 1307 1106 montium
1353 1067 1477 1120 alpes
1521 1069 1819 1114 comitantium
1863 1089 1960 1118 cum

168 1125 320 1167 fluviis
352 1123 398 1165 in
431 1123 642 1179 planities
675 1122 952 1164 descendens
985 1127 1027 1163 et
1060 1121 1291 1163 fluviorum
1324 1124 1499 1180 glareas
1538 1126 1811 1179 inhabitans,
1860 1134 1962 1181 (dch

170 1183 213 1225 d.
249 1185 390 1239 ganze
421 1182 640 1237 Alpenk.‚
671 1195 712 1223 u.
747 1194 801 1222 an
836 1180 875 1222 d.
910 1180 1099 1222 Fliissen
1133 1181 1178 1221 in
1214 1180 1577 1225 Oberschwaben
1611 1200 1753 1239 gcgen
1788 1189 1963 1234 Vorarl-

170 1241 310 1298 berg,
344 1241 391 1282 in
426 1239 735 1294 Oberbayern,
769 1238 1020 1295 Salzburg,
1055 1238 1321 1290 Oestreich.)
1354 1240 1455 1282 Jun.
1479 1241 1568 1284 Jul.
1603 1238 1706 1287 Vill.
1734 1247 1765 1288 l.
1801 1261 1840 1289 c.
1875 1254 1960 1295 t.8.

171 1298 237 1342 St.
272 1299 312 1340 h.
337 1300 438 1354 28„
483 1311 570 1340 non
605 1299 737 1341 bona.
803 1297 944 1339 Radix
976 1298 1021 1338 in
1055 1303 1214 1338 terram
1247 1297 1492 1353 descendit,
1527 1306 1596 1355 et,
1628 1306 1846 1358 profunde
1880 1311 1964 1351 sub

166 1356 402 1414 superficie
435 1357 628 1399 stolones
661 1356 893 1408 emittens,
939 1356 984 1397 in
1019 1355 1190 1397 modum
1227 1355 1493 1400 Convolvuli
1549 1365 1781 1415 arvensis,
1833 1367 1965 1425 longe

169 1416 348 1472 lateque
381 1415 523 1472 repit,
565 1429 650 1471 qua
682 1420 784 1456 nota
820 1416 873 1456 ab
907 1415 1110 1456 omnibus
1144 1415 1380 1471 speciebus
1414 1418 1591 1473 generis
1624 1419 1785 1464 differt.

289 1503 356 1547 16.
407 1502 465 1544 H.
499 1514 819 1544 Poamromum
861 1502 935 1554 (L.
978 1515 1047 1557 sp.
1073 1502 1223 1556 1328.)
1263 1503 1397 1544 caule
1439 1504 1599 1546 folioso
1641 1508 1897 1565 plerumque
1940 1527 1966 1555 a

170 1561 269 1604 basi
301 1575 477 1603 ramoso
507 1561 621 1602 laxe
648 1560 926 1614 paniculato
968 1560 1162 1615 glabro,
1209 1562 1357 1602 ramis
1388 1565 1647 1618 yracilibus
1686 1570 1965 1620 patentibus

171 1619 537 1675 subdicepbalis,
588 1619 871 1673 pedunculis
915 1632 1105 1673 superne
1158 1620 1409 1674 squamosis
1459 1623 1790 1681 incolae-mque
1839 1630 1965 1683 pube

173 1679 418 1721 stellulata
449 1677 928 1728 subcanescentibu85
972 1676 1191 1718 involucri
1223 1678 1397 1720 foliolis>
1424 1682 1550 1735 apice
1583 1682 1755 1725 obtusis
1789 1687 1966 1742 adpres-

170 1737 265 1791 εἰς,
305 1738 445 1791 soliis
491 1737 676 1791 glaucis
731 1736 901 1777 lineari
925 1761 940 1767 -
968 1736 1246 1778 lanceolalis
1285 1737 1634 1796 linearibus-que
1676 1746 1965 1788 acuminatis

171 1795 271 1836 basi
303 1796 543 1837 attenuatis
574 1793 962 1850 subintegerrimis
997 1794 1166 1850 glabris
1199 1795 1270 1836 vel
1305 1796 1404 1836 basi
1439 1797 1621 1850 ciliatis,
1655 1801 1847 1844 caulinis
1873 1818 1965 1846 ses-

173 1854 347 1895 silibus.
383 1851 453 1907 Q.
490 1853 539 1893 In
568 1853 677 1894 locis
710 1852 963 1903 subalpinis
1008 1857 1050 1893 et
1095 1852 1286 1907 alpiniS,
1331 1853 1614 1910 (Oestreich,
1659 1856 1962 1915 Steyermark,

169 1911 342 1966 Krain‚
377 1925 446 1952 am
483 1911 616 1952 Loibl
650 1910 730 1952 auf
758 1910 799 1951 d.
832 1910 1024 1952 Krainer
1057 1908 1208 1966 Seite,
1239 1911 1297 1952 im
1332 1911 1457 1955 Cant.
1491 1915 1654 1957 Tessin
1688 1931 1755 1958 am
1791 1918 1966 1963 Comer-

173 1969 294 2026 see.)
328 1969 421 2015 Jul.
454 1970 568 2024 Aug.
601 1968 727 2024 Jacq.
763 1982 800 2009 a.
834 1974 862 2010 t.
893 1969 1021 2020 286„
1068 1968 1196 2023 Jacq.
1232 1984 1372 2013 enum.
1409 1978 1436 2013 t.
1457 1975 1500 2016 6.
1547 1973 1611 2016 St.
1644 1974 1686 2016 h.
1705 1978 1774 2021 39.
1810 2002 1867 2009 *-
1927 1980 1966 2022 Ε

172 2029 422 2070 seminibus
464 2028 641 2083 plantae
687 2025 1006 2082 angustifoliac
1049 2028 1160 2068 mihi
1204 2029 1449 2083 specimina
1497 2038 1626 2074 enata
1668 2042 1796 2087 sunt,
1841 2037 1966 2080 foliis

171 2086 447 2128 radicalibus
479 2085 763 2142 caulinisque
795 2084 1085 2127 inferioribus
1118 2086 1412 2144 lanceolatis,
1461 2092 1617 2134 subtus
1649 2093 1831 2149 pilosis,
1865 2110 1965 2139 cau.

167 2145 299 2202 leque
331 2145 426 2186 basi
460 2144 635 2186 villoso.
969 2164 979 2168 -

294 2236 360 2278 17.
406 2231 464 2273 Η.
497 2243 724 2273 summa
758 2230 906 2287 (Jacq.
940 2235 1033 2276 obs,
1069 2233 1156 2274 bot.
1177 2235 1217 2278 2.
1250 2247 1288 2289 p.
1310 2235 1383 2279 30.
1417 2239 1444 2276 t.
1465 2237 1533 2280 50.
1571 2237 1692 2282 1772.
1728 2241 1900 2287 collect,
1923 2246 1965 2286 2.

170 2304 214 2347 p.
244 2291 345 2343 159.
380 2289 438 2331 ic.
470 2303 558 2331 rar.
593 2296 621 2332 t.
650 2289 772 2344 163.)
819 2291 952 2332 caule
987 2291 1166 2345 solioso
1210 2291 1606 2348 di—pleiocepbalo
1648 2298 1842 2352 (flabro,
1889 2314 1968 2354 pe·

173 2348 394 2400 duzzcnlis
425 2361 614 2402 superne
647 2349 897 2402 squamosis
930 2349 1263 2405 involucroque
1290 2351 1416 2404 pube
1447 2353 1687 2396 stellulala
1721 2371 1969 2400 canescen-

175 2407 302 2447 tibus
334 2412 524 2447 ceterum
558 2405 731 2461 glabris
766 2407 836 2448 vel
870 2408 975 2461 pilis
1017 2408 1296 2463 simplicibus
1340 2410 1676 2464 glandulosisve
1719 2428 1848 2469 parce
1893 2417 1966 2458 ad-

171 2464 376 2520 spersis,
421 2464 640 2504 involucri
674 2464 840 2505 foliolis
873 2465 1125 2519 adpressiS,
1161 2467 1298 2519 soliis
1330 2467 1514 2521 ylaucis
1546 2470 1822 2514 lanceolatis
1856 2490 1966 2517 acu·

173 2523 369 2564 minatis
402 2521 497 2562 basi
540 2522 779 2564 attenuatis
835 2523 1136 2579 integerrimis
1182 2530 1344 2565 remote
1387 2525 1670 2569 denticulatis
1718 2531 1966 2575 dentatisve

176 2580 343 2637 glabris
367 2581 446 2621 ·vel
480 2579 579 2621 basi
614 2580 1021 2631 barbato-ciliatis,
1055 2582 1247 2623 caulinis
1279 2583 1474 2635 remotis,
1509 2585 1794 2630 inferioribus
1827 2593 1968 2646 petio-

169 2639 307 2692 latis,
352 2637 655 2692 superioribus
703 2639 951 2679 sessilibus.
984 2636 1051 2694 Q.
1099 2639 1147 2680 In
1181 2640 1290 2681 locis
1323 2641 1511 2695 petrosis
1543 2645 1708 2699 alpinis
1742 2653 1783 2688 et
1815 2649 1965 2692 subal-

172 2697 310 2753 pinis,
342 2696 478 2751 inque
510 2696 732 2737 montibus
767 2697 1060 2751 collibusque,
1095 2698 1218 2751 alpes
1251 2699 1577 2753 comitantibus,
1612 2709 1654 2744 et
1685 2705 1853 2760 glareis
1887 2709 1964 2750 flu-

170 2756 371 2807 viorum,
406 2769 458 2795 ex
490 2755 667 2809 alpibus
699 2754 1104 2809 progredientium,
1139 2755 1298 2809 (durch
1333 2756 1374 2796 d.
1411 2771 1550 2814 ganze
1581 2762 1868 2817 Alpi-nkctte,
1922 2781 1964 2808 u.

175 2827 261 2855 von
305 2812 539 2855 Oestreich
589 2811 700 2854 nach
745 2812 968 2868 Mahren.)
1026 2813 1287 2871 Jun.-Aug.
1349 2813 1413 2856 St.
1458 2816 1496 2856 b.
1526 2819 1596 2862 39.
1669 2821 1725 2861 H.
1761 2823 1966 2877 glaucum

172 2872 264 2917 An.
298 2872 395 2928 ped.
422 2878 459 2917 1.
493 2885 534 2926 p.
557 2871 655 2914 214.
689 2877 720 2912 t.
740 2873 810 2914 28.
844 2871 874 2913 f.
892 2873 936 2915 3.
971 2876 999 2912 t.
1020 2873 1093 2915 81.
1127 2871 1162 2913 f.
1191 2877 1228 2917 1.
1285 2872 1379 2914 De.
1415 2874 1455 2915 fl.
1489 2875 1542 2916 fr.
1566 2876 1605 2919 4.
1639 2891 1682 2932 p.
1703 2866 1802 2931 261,
1854 2885 1964 2926 exet.

172 2930 325 2972 variet.
366 2930 423 2971 H.
457 2929 863 2972 scorzonerifolium
898 2928 1005 2970 Vill.
1034 2932 1075 2972 3.
1119 2943 1162 2985 p.
1188 2935 1310 2981 111„
1357 2946 1434 2986 pro
1478 2941 1612 2987 parte.
1690 2937 1745 2978 Η.
1780 2940 1965 2984 ΑΙΙίοηίἰ

172 2987 326 3028 Μουη.
361 3002 446 3029 ess.
480 2989 613 3042 p.15.
649 3011 701 3017 —-
763 2988 829 3028 Ab
862 2987 1148 3029 antecedente
1179 2989 1327 3043 specie
1358 2991 1564 3045 capitulis
1608 2994 1742 3050 duplo
1791 3000 1966 3041 maiori-

174 3047 276 3097 bus,
310 3045 437 3088 florcs
469 3048 553 3089 50-
573 3047 629 3090 60
653 3047 997 3098 continentibus,
1033 3046 1258 3088 involucro
1284 3047 1494 3091 deflorato
1524 3053 1658 3093 multo
1683 3057 1828 3113 magis
1859 3071 1965 3100 ven-

177 3103 364 3156 tricoso,
399 3107 440 3144 ct
472 3104 690 3145 timbrillis
723 3104 1003 3158 receptaculi,
1038 3106 1208 3145 tertiam
1243 3105 1413 3148 acheuii
1447 3115 1613 3162 partein
1648 3115 1939 3168 aequantibus

176 3162 348 3212 ditl'crt,
382 3161 458 3202 scd
504 3163 643 3202 ultimi
691 3163 776 3203 duo
821 3163 1103 3204 characteres
1141 3166 1183 3203 in
1221 3165 1372 3218 planta
1406 3166 1526 3208 sicca
1558 3179 1756 3222 percunt.
1824 3173 1875 3215 ln
1908 3148 1965 3216 H’.

172 3219 400 3273 porrit'olio
431 3219 623 3273 capitula
655 3222 723 3261 vel
759 3221 986 3262 involucra
1018 3224 1203 3271 20-25,
1241 3222 1283 3261 in
1317 3223 1434 3264 culta
1471 3227 1630 3270 30—36
1662 3228 1791 3271 flores
1823 3234 1963 3275 conti-

176 3283 306 3328 nent,
358 3277 596 3331 capitulum
644 3279 904 3320 defloratum
947 3293 1099 3334 parum
1147 3286 1311 3321 tantum
1355 3284 1650 3326 ventricosum
1695 3298 1875 3343 apparet
1926 3298 1966 3331 vt

1411 3370 1519 3419 29*
