2200 3525
793 108 1372 164 UMBELLIFERAE.
1875 112 1975 160 279

183 275 290 328 tis)
336 286 390 317 ex
420 270 546 328 apice
577 269 673 313 axis
704 268 831 312 bifidi
863 270 934 312 vel
975 271 1174 327 bipartiti
1217 271 1448 328 pendulis,
1493 283 1519 313 a
1557 268 1655 313 basi
1697 267 1751 311 ad
1799 267 1967 325 apicem

181 346 365 400 solutis,
420 344 562 386 rarius
616 342 850 386 concretis.
929 341 1091 384 Semen
1136 346 1385 400 pericarpio
1429 343 1663 397 adnutum,
1729 343 1873 384 rarius
1917 342 1968 383 li·

178 421 345 464 berum.
405 417 619 458 Albumen
665 427 886 472 magnum.
949 413 1140 472 Embryo
1184 417 1406 471 minutus,
1449 418 1495 459 in
1538 417 1664 473 apice
1707 414 1962 468 albuminis‚

178 491 429 549 pendulus3
472 489 674 532 radicula
716 487 772 530 ad
815 486 953 529 hilum
985 501 1128 529 versa.
1190 487 1317 531 Folia
1361 491 1553 544 alterna,
1597 502 1699 532 raro
1742 487 1961 546 opposita,

176 564 275 607 basi
305 561 581 620 vaginantia.

293 677 495 721 Subordo
527 678 565 719 I.
633 677 1328 720 ORTHOSPERMAE.
1388 678 1600 720 Albumen
1644 678 1698 720 ad
1733 678 1849 721 latus
1892 677 1959 719 in·

174 737 311 781 terius
344 739 523 793 planum
555 736 626 779 vel
657 736 1002 800 planiusculum,
1032 749 1113 778 nec
1135 735 1413 794 marginibus
1440 736 1731 792 incurvatum,
1766 750 1846 779 nec
1867 749 1960 778 sac-

174 803 271 841 cato
283 821 298 831 ·
310 809 564 839 concavum.

291 913 414 954 Trib.
446 910 483 953 I.
544 910 1164 953 JJI'DROCOTJ'LEAE.
1210 909 1400 968 Spreng.
1433 909 1479 951 in
1514 907 1684 953 Schult.
1716 915 1828 966 syst.
1861 925 1961 968 veg.

173 974 213 1017 6.
247 986 287 1027 p.
307 970 505 1012 XXXII.
539 970 649 1011 excl.
685 983 784 1026 gen.
847 969 1061 1010 Fructus
1103 984 1133 1010 a
1175 969 1325 1011 lacere
1368 977 1645 1010 contractus·
1683 970 1757 1010 vel
1793 971 1959 1022 plano-

174 1044 499 1085 compressus,
543 1029 672 1069 dorso
715 1040 909 1068 convexo
952 1029 1022 1068 vel
1054 1033 1196 1069 acuto.
1258 1028 1476 1068 Albumen
1521 1028 1666 1069 antice
1709 1029 1962 1082 planiuseu-

172 1090 277 1131 lum.
340 1086 495 1129 Petala
536 1085 759 1140 patentia,
804 1085 1008 1144 integra,
1052 1091 1207 1141 acuta,
1251 1086 1380 1142 apice
1418 1091 1538 1129 recto
1581 1086 1653 1127 vel
1696 1086 1959 1130 subinssexO.

174 1146 383 1190 Umbella
413 1145 709 1200 imperfecta.

290 1250 327 1292 1.
360 1227 810 1289 HYDROCOTYLE
843 1245 920 1302 (L.
953 1260 1054 1304 gen.
1087 1261 1129 1289 n.
1151 1245 1279 1302 325.)
1324 1244 1503 1302 Calycis
1536 1258 1688 1302 margo
1722 1245 1959 1287 obsoletus.

169 1305 269 1352 Pet.
314 1313 469 1359 ovata,
520 1305 720 1361 integra,
770 1312 924 1357 acuta,
978 1306 1103 1360 apice
1145 1311 1277 1347 recto.
1340 1304 1528 1346 Fructus
1574 1318 1599 1345 a
1641 1304 1779 1346 latere
1811 1304 1962 1358 plano-

170 1378 474 1421 compressus,
519 1363 779 1405 biscutatus.
841 1363 1112 1420 Mericarpia
1143 1364 1351 1416 evittata,
1399 1363 1523 1419 jugis
1557 1365 1612 1414 5,
1659 1362 1957 1412 filiformibus,

171 1424 358 1465 carinali
392 1428 434 1464 et
474 1423 733 1464 lateralibus
778 1435 911 1478 saepe
954 1422 1194 1478 obsoletis,
1240 1422 1518 1465 intermediis
1550 1425 1577 1466 2
1610 1421 1817 1463 arcuatis.
1882 1419 1960 1461 Sc·

168 1496 268 1525 men
301 1482 859 1536 carinam-compressum.
1331 1474 1339 1485 s

290 1559 326 1598 1.
360 1554 417 1595 H.
438 1566 666 1594 thLGAms
700 1553 776 1608 (L.
810 1567 874 1608 sp.
896 1555 1024 1607 338.)
1056 1552 1180 1594 foliis
1214 1553 1394 1608 peltatis
1427 1550 1686 1594 orbiculatis
1719 1549 1961 1606 duplicato-

169 1613 362 1657 crenatis
395 1611 747 1662 novemnerviis,
781 1611 958 1665 petiolis
993 1612 1117 1666 apice
1150 1612 1340 1667 pilosis,
1377 1610 1581 1652 umbellis
1616 1609 1822 1664 capitatis
1856 1608 1959 1649 sub-

169 1671 516 1728 quinquefloris,
551 1670 695 1712 fructu
727 1671 827 1711 basi
862 1670 1238 1727 subemarginato.
1274 1667 1341 1724 21..
1378 1670 1428 1710 In
1461 1669 1572 1711 locis
1606 1667 1863 1723 paludosis,
1904 1664 1959 1707 ad

169 1732 344 1772 lacuum
390 1734 431 1770 et
473 1728 744 1783 piscinarum
788 1728 909 1781 ripas
954 1728 1111 1783 hyeme
1154 1729 1404 1769 inundatas·
1452 1727 1541 1769 Jul.
1574 1727 1688 1782 Aug.
1741 1726 1797 1767 D.
1841 1723 1885 1769 fl.
1910 1727 1954 1768 2.

167 1804 209 1847 p.
230 1788 328 1834 475.
360 1787 429 1829 Fi.
462 1786 559 1827 dan.
594 1791 627 1827 t.
650 1788 722 1831 90.
783 1785 940 1827 Flores
973 1787 1063 1828 albi
1095 1787 1167 1828 vel
1200 1787 1374 1828 rubelli.
1436 1785 1612 1826 Variat:

285 1856 330 1906 β.
381 1845 523 1887 crenis
567 1845 772 1885 foliorum
805 1845 1140 1888 obtusissimis:
1201 1843 1260 1890 Η.
1294 1843 1604 1887 Schkuhriana
1636 1841 1876 1887 Reichenb.
1912 1840 1958 1883 fl,

167 1919 258 1950 exc.
290 1920 332 1962 p.
352 1905 452 1949 482.
488 1900 619 1945 Schk.
655 1907 683 1944 t.
704 1904 774 1946 59.

281 2017 408 2060 Trib.
442 2019 502 2062 II.
565 2018 1021 2065 SANJCULEAE.
1053 2018 1193 2061 Koch.
1228 2019 1345 2061 umb.
1368 2021 1462 2063 138.
1508 2018 1721 2062 Fructus
1753 2016 1959 2059 sectione

165 2080 479 2121 transversale·
508 2079 739 2120 subter-es.
802 2077 1071 2133 Mericarpia
1099 2078 1224 2134 jugis
1246 2078 1469 2134 primariis
1501 2080 1543 2131 5,
1578 2075 1855 2131 aequalibus,
1890 2088 1957 2116 se-

166 2137 393 2179 cundariis
427 2138 579 2190 nullis,
617 2138 685 2178 vel
714 2136 838 2194 jugis
873 2137 1138 2179 oblitteratis
1172 2143 1285 2179 tecta
1317 2136 1516 2192 squamis
1551 2135 1792 2177 aculeisve.
1855 2133 1958 2174 Alb.

164 2196 360 2237 sectione
392 2195 680 2237 transversali
711 2197 968 2246 semiteres,
1014 2194 1159 2236 antice
1190 2195 1531 2250 planiuscuium.
1594 2192 1690 2235 Pet.
1724 2196 1897 2245 erecta,
1931 2205 1958 2232 a

163 2254 306 2302 medio
338 2253 862 2310 infracto-einarginata.
930 2253 1166 2295 Umbellae
1197 2254 1525 2308 fasciculacae
1567 2261 1654 2294 aut
1696 2251 1955 2305 capitatae,

162 2313 397 2367 simplices
427 2313 503 2354 vel
519 2312 853 2369 irreyularicer
879 2311 1276 2366 subcompositae,
1305 2312 1379 2354 vel
1397 2311 1676 2354 umbellulae
1698 2309 1955 2365 capitatae.

280 2417 321 2458 2.
385 2411 689 2455 SANICULA
736 2413 804 2468 (L.
849 2427 950 2470 gen.
996 2415 1182 2466 n.326.)
1236 2412 1415 2470 Calycis
1459 2426 1611 2470 margo
1653 2414 1678 2455 5
1721 2410 1953 2464 dentatus3

165 2471 317 2513 dentes
350 2472 559 2513 foliolosi.
622 2471 718 2514 Pet.
753 2479 924 2525 erecta,
958 2471 1269 2525 conniventia,
1318 2472 1530 2524 obovata,
1577 2468 1954 2525 emarginato-in-

161 2531 304 2573 fracta
337 2531 382 2571 in
416 2530 651 2571 lacinulam
686 2531 966 2588 longitudine
996 2529 1130 2585 petali
1207 2529 1395 2571 Fructus
1427 2528 1750 2584 subglobosus,
1784 2526 1954 2568 aculeis

163 2590 388 2630 uncinatis
435 2589 571 2629 dense
603 2593 771 2641 tectus,
817 2594 975 2644 sponte
1008 2601 1092 2628 non
1128 2587 1379 2629 discedens.
1441 2586 1714 2640 Merit-arpia
1758 2585 1952 2640 ejugata‚

162 2647 479 2696 multivittata3
531 2647 800 2702 carpophoro
845 2647 1053 2688 distincto
1097 2646 1231 2686 nullo.
1297 2646 1478 2699 (Flores
1522 2644 1614 2686 albi
1658 2644 1729 2685 vel
1773 2642 1950 2694 rubelli,

161 2705 414 2763 polygami3
447 2705 580 2746 tubus
614 2705 956 2746 masculinorum
990 2718 1074 2745 non
1109 2703 1392 2759 nutricatus.)

282 2797 317 2836 1.
361 2792 408 2834 S.
441 2805 669 2833 vuncams
704 2792 782 2848 (L.
816 2805 881 2847 sp.
901 2790 1026 2846 339.)
1062 2791 1184 2833 foliis
1218 2789 1485 2832 radicalibus
1517 2786 1949 2846 palmato-partitis,

160 2851 340 2893 laciniis
374 2851 532 2893 trifidis
566 2851 857 2906 inaequaliter
900 2849 1300 2901 inciso—serratis,
1350 2849 1533 2893 floribus
1580 2845 1949 2902 hermaphroditis

161 2909 428 2962 sessilibus,
473 2911 684 2951 masculis
713 2908 976 2951 brevissime
1008 2908 1300 2964 pedicellatis.
1334 2904 1498 2961 Zp.1n
1533 2906 1676 2963 sylvis
1711 2904 1948 2956 umbrosis,

161 2968 459 3009 subhumidis.
516 2968 624 3009 Mai.
655 2968 757 3010 Jun.
814 2968 870 3009 D.
905 2967 946 3008 fl.
970 2971 1010 3009 2.
1047 2981 1086 3022 p.
1109 2967 1211 3010 470.
1259 2965 1395 3010 Schk.
1439 2971 1471 3006 t·
1494 2967 1566 3009 60.
1631 2963 1677 3004 S·
1711 2962 1950 3005 officinalis

164 3026 336 3067 Gouan.
371 3027 477 3068 hort.
508 3029 602 3070 131.
663 3026 890 3068 Astrantia
919 3025 1172 3081 Diapensia
1204 3022 1332 3080 Scop.
1366 3037 1483 3065 carn.
1511 3025 1548 3067 1.
1581 3037 1625 3079 p.
1653 3023 1746 3067 186.

276 3129 318 3169 3.
353 3115 709 3172 HACQUETIA
743 3127 906 3183 (Neck.
942 3127 1066 3173 elem.
1099 3141 1140 3168 n.
1161 3126 1287 3180 306.)
1331 3123 1512 3178 Calycis
1548 3138 1701 3177 margo
1733 3122 1948 3179 quinque·

164 3184 397 3235 dentatus3
430 3186 583 3227 dentes
617 3186 825 3227 foliolosi.
889 3186 984 3226 Pet.
1020 3191 1180 3235 erecta,
1217 3183 1526 3233 conniventia,
1560 3184 1770 3234 obovata,
1805 3194 1832 3222 a
1863 3194 1951 3222 mc-

162 3243 236 3285 dio
270 3243 459 3286 infracta
489 3244 536 3287 in
569 3244 807 3288 lacinulam
839 3243 1118 3302 longitudine
1149 3243 1299 3299 petali.
1363 3241 1554 3285 Fructus
1597 3240 1818 3300 (perfecte
1861 3251 1949 3281 ma-
