2200 3525
252 116 351 164 454
903 104 1396 159 COMPOSITAE.
1727 124 2045 163 memmim-

256 274 302 315 in
336 272 544 328 petiolum
577 268 817 311 attenuatis
853 268 1157 326 integerrimis
1188 270 1259 312 vel
1292 268 1460 312 minute
1489 269 1807 327 denticulatis,
1837 271 2049 316 radicali-

257 333 342 373 bus
377 329 645 383 cespitosis‚
681 328 881 369 caulinis
909 328 1082 382 paucis
1111 329 1321 370 nullisve.
1357 325 1428 383 Q.
1464 329 1517 370 In
1549 329 1727 384 pascuis
1760 329 1926 386 alpium
1958 330 2051 374 edi-

257 392 446 440 tiorum,
482 386 880 440 (wabrscheinlich
914 386 1050 429 durch
1083 386 1124 429 d.
1159 401 1301 444 ganze
1332 387 1625 444 Alpenkette.)
1659 388 1927 445 Jun.-Aug.
1989 388 2048 432 H.

259 445 498 489 Schraderi
544 445 695 487 Gaud.
741 445 856 486 helv.
877 446 917 487 5.
961 459 1002 501 p.
1029 447 1128 497 69„
1178 447 1287 488 excl.
1331 460 1425 488 var.
1444 447 1506 489 II.
1540 453 1582 488 et
1614 445 1696 487 ΙΙΙ.
1757 446 1817 487 H.
1850 447 2051 504 ‘alpinum

258 505 410 571 Willd.
436 518 512 605 tsp.
532 506 574 548 3.
612 506 737 549 1561.
789 503 934 561 Hopp.
968 518 1041 560 ap.
1078 501 1242 546 Sturm.
1276 504 1445 561 h.37.‚
1491 509 1604 548 teste
1645 504 1890 562 specimine
1932 519 2049 549 com-

254 576 432 605 munica
455 576 493 604 o.

387 691 484 727 Seet.
509 692 573 725 111.
619 692 997 726 Puzmommomm.
1054 691 1178 724 Cauiis
1213 692 1298 734 plus
1338 693 1506 725 minusve
1548 691 1714 727 foliatus.
1766 692 1873 727 Folia
1909 693 2055 736 viridia,

257 736 316 769 vel
343 738 379 769 in
406 737 534 769 formis
549 761 560 779 ,
583 737 751 770 Hieraeio
775 747 962 769 murorum
987 738 1185 779 proximis,
1209 736 1352 779 glauca.
1398 735 1472 769 Pili
1494 736 1706 780 glandulosi
1729 747 1840 781 saepe
1862 739 1901 771 in
1923 739 2058 782 pedun-

258 781 354 813 culis
379 785 412 813 et
439 781 651 822 involuer0‚
677 785 713 813 at
737 791 925 824 nunquam
949 782 987 813 in
1011 779 1128 814 foliis.

376 898 444 941 24.
488 897 546 940 H.
582 910 993 939 GLANDULIPERUM
1025 896 1194 953 (Hopp.
1229 911 1297 953 ap.
1332 895 1495 939 Sturm.
1528 895 1570 939 h.
1593 896 1694 954 39.)
1734 897 1869 940 caule
1897 911 2056 940 mono-

261 956 455 1010 cephalo
484 957 609 1012 pube
639 958 883 999 stellulata
917 965 1194 998 canescente
1220 956 1424 1012 pilisque
1455 956 1674 998 brevibus
1721 957 2057 1013 ylavzdulfferis

261 1016 403 1057 dense
435 1024 578 1068 tecto,
611 1017 853 1058 involucro
880 1016 993 1071 pilis
1026 1016 1259 1071 elongyatz's
1279 1015 1576 1070 fuliqinoso-
1598 1015 1795 1057 cinereis
1826 1015 1924 1056 basi
1947 1015 2057 1059 atris

260 1075 587 1128 villosissimo,
621 1075 790 1117 foliolis
810 1075 967 1129 flexis,
1003 1074 1201 1127 (secund.
1237 1075 1290 1116 cl.
1324 1075 1520 1130 Hopp.,)
1553 1075 1676 1116 foliis
1708 1073 1929 1115 viridibus
1961 1074 2057 1118 lan-

265 1133 451 1175 ceolatis
486 1134 628 1176 acutis
661 1135 707 1175 in
741 1134 949 1190 petiolum
984 1134 1224 1175 attenuatis
1257 1132 1558 1189 integerrimis
1592 1133 1662 1174 vel
1703 1133 1871 1174 minute
1919 1132 2058 1175 denti·

264 1192 454 1244 culatis,
487 1193 758 1235 radicalibus
792 1193 1056 1249 cespitosis,
1079 1191 1288 1233 -caulinis
1320 1191 1478 1246 paucis
1510 1192 1718 1233 nullisve.
1751 1189 1820 1245 Q,
1856 1191 1910 1232 In
1943 1205 2058 1233 sum-

265 1252 348 1293 mis
393 1251 557 1308 alpium
598 1253 751 1309 jugis,
797 1251 1058 1307 (SchweiZ,
1103 1250 1373 1307 Kiirnthen.)
1416 1250 1504 1294 Jul.
1539 1250 1652 1306 Aug.
1716 1249 1772 1290 H.
1807 1250 2058 1307 glabratum

268 1309 493 1356 Schleicb.
526 1311 585 1367 pl.
621 1312 781 1353 exsicc.
813 1310 910 1353 DC.
943 1310 984 1352 fl.
1018 1311 1073 1352 fr.
1097 1312 1136 1352 5.
1169 1323 1211 1364 p.
1232 1307 1335 1352 435.
1387 1309 1497 1365 (non
1530 1308 1714 1364 Hoppe3
1763 1322 1845 1350 nec
1875 1307 2058 1364 Willd.)

266 1369 322 1411 H.
352 1367 590 1412 Schraderi
622 1369 706 1411 ΙΙΙ.
743 1370 991 1426 glabratum
1027 1368 1170 1409 Gaud.
1205 1367 1319 1409 helv.
1339 1369 1378 1411 5.
1412 1382 1455 1424 p.
1477 1370 1544 1414 70.
1598 1368 1750 1409 Variat
1773 1367 1895 1409 foliis
1919 1365 2058 1411 utrin-

265 1443 351 1484 que
383 1429 521 1474 dense
549 1429 723 1471 villosis
757 1433 798 1471 et
828 1428 1009 1485 penitus
1044 1426 1236 1484 glabris.

380 1535 451 1576 25.
503 1532 563 1577 H.
598 1544 815 1573 ALPINUM
847 1530 917 1585 (L.
953 1544 1019 1587 sp.
1046 1530 1194 1583 1124.)
1241 1530 1375 1572 caule
1404 1526 1908 1583 mono-oliqoceplvalo
1934 1525 2062 1581 pube

264 1591 509 1633 stellulata
565 1599 843 1633 canescente
886 1591 1118 1645 adsperso
1165 1590 1501 1644 involucroque
1552 1586 1890 1640 villosissimis,
1948 1585 2062 1640 'pilis-

263 1651 498 1705 elonyalis
531 1650 664 1692 canis
697 1650 802 1692 basi
849 1650 972 1691 atris
1015 1649 1214 1705 aliis-que
1255 1648 1475 1689 brevibus
1516 1645 1851 1702 ylandulzferis
1893 1644 2064 1685 aterri-

264 1710 378 1761 mis,
420 1709 703 1763 pedunculis
734 1709 913 1765 angulo
945 1717 1090 1751 acuto
1119 1708 1317 1762 erectis,
1358 1706 1495 1761 foliis
1537 1705 1770 1746 viridibus
1801 1703 2063 1745 lanceolatis

265 1768 537 1823 ellipticisve
570 1768 617 1808 in
660 1768 870 1824 petiolum
917 1767 1159 1810 attenuatis
1201 1765 1504 1822 integerrimis
1547 1764 1822 1816 dentatisve,
1869 1761 2063 1804 caulinis

266 1841 353 1868 uno
394 1827 654 1882 pluribusve
697 1826 1038 1869 subsessilibus.
1084 1824 1153 1881 Q.
1199 1826 1251 1868 In
1283 1825 1463 1881 pascuis
1497 1822 1663 1880 alpinis
1707 1827 1749 1863 et
1790 1819 2061 1875 subalpinis,

267 1886 432 1937 (durch
482 1885 521 1926 d.
568 1898 710 1941 ganze
753 1886 1046 1941 Alpenkette‚
1087 1885 1169 1926 auf
1208 1884 1249 1925 d.
1299 1884 1533 1940 Vogesen,
1589 1881 1686 1923 dem
1729 1879 1987 1938 Feldberge¹
2021 1878 2063 1922 d.

267 1944 684 1998 schvvan‘zwaldes,
731 1943 771 1986 d.
808 1944 1095 1986 Manrischen
1131 1943 1388 1998 Karpaten,
1433 1941 1516 1982 den
1553 1940 1778 1990 Sudeten,
1827 1937 1867 1979 d.
1899 1936 2064 1994 Erzge-

265 2004 392 2058 birge
425 2017 465 2044 u.
498 2002 740 2058 Brocken.)
789 2003 896 2045 Jun.
929 2003 1022 2048 Jul.
1085 2002 1278 2042 Multum
1324 2001 1492 2042 variat:
1542 2000 1670 2041 caule
1713 1995 1976 2052 tripollicari
2020 1999 2064 2038 et

266 2063 471 2118 elongato
529 2061 705 2116 pedali,
768 2062 866 2103 basi
935 2060 1124 2102 unifolio
1181 2060 1252 2099 vel
1306 2058 1693 2114 longitudinaliter
1746 2060 1834 2097 toto
1887 2053 2063 2108 foliato,

265 2133 456 2175 superne
509 2120 828 2174 involucroque
881 2118 989 2175 pilis
1044 2117 1280 2174 elongatis
1326 2115 1594 2158 densissime
1651 2118 1791 2166 tecto,
1858 2112 1932 2153 vel
1990 2111 2066 2153 his

265 2179 509 2220 rarioribus
563 2184 606 2219 et
658 2191 805 2219 eorum
861 2177 958 2219 loco
1018 2176 1124 2232 pilis
1186 2175 1396 2218 brevibus
1469 2172 1784 2230 glanduliferis
1845 2169 2064 2211 aterrimis

267 2237 450 2278 densius
484 2236 728 2292 adspersu,
773 2236 897 2277 foliis
929 2233 1191 2278 lanceolatis
1224 2234 1367 2276 acutis
1402 2231 1665 2283 obtusisve‚
1714 2229 1944 2284 ellipticis‚
1967 2227 2078 2270 basi·

229 2301 233 2303 ’
268 2295 535 2349 attenuatis,
580 2295 651 2335 vel
695 2295 841 2336 subito
879 2295 925 2337 iu
958 2294 1167 2351 petiolum
1202 2291 1466 2344 contractis,
1514 2295 1644 2344 atque
1676 2288 1860 2329 floribus
1893 2285 2066 2328 tubulo-

270 2357 366 2408 sis,
400 2356 505 2396 totis
540 2352 713 2395 scilicet
744 2353 928 2397 clausis.
963 2375 1017 2382 —-
1079 2351 1363 2406 „Pedunculi
1397 2350 1443 2391 iu
1477 2349 1631 2391 formis
1663 2347 1851 2389 ramosis
1893 2357 2067 2400 semper

267 2414 431 2464 erecti,
479 2425 565 2469 qua
609 2417 713 2452 nota
744 2412 850 2453 illae
882 2424 1087 2466 quoque,
1132 2424 1246 2465 quae
1279 2409 1333 2450 ad
1365 2409 1422 2449 H.
1456 2420 1679 2450 murorum
1722 2404 1965 2458 accedunt,
2010 2402 2067 2444 ab

270 2474 353 2514 hoc
379 2472 519 2513 facile
543 2474 586 2512 et
611 2475 732 2511 certo
759 2475 948 2525 possunt
973 2468 1250 2524 distingui.“
1299 2466 1428 2520 „Sed
1444 2479 1653 2522 squamae
1675 2463 1871 2505 anthedii
1895 2462 2069 2503 laxatae

269 2532 382 2573 nihil
414 2535 517 2571 sunt
548 2527 637 2570 nisi
669 2528 875 2570 bracteae
906 2529 978 2568 vel
1010 2527 1166 2569 foliola
1197 2527 1401 2575 camina,
1437 2538 1567 2580 quae,
1615 2522 1746 2565 sicuti
1777 2521 1872 2563 flori
1907 2533 2065 2575 appro-

269 2592 558 2646 pinguantur,
591 2587 639 2628 in
673 2586 874 2628 anthedii
899 2599 1108 2641 squamas
1133 2586 1308 2628 abeunt.
1361 2584 1450 2626 Ubi
1475 2583 1614 2641 igitur
1640 2581 1779 2623 caulis
1813 2591 1929 2619 nunc
1961 2590 2064 2628 uno,

270 2662 386 2690 nunc
418 2647 620 2703 pluribus
653 2645 823 2695 foliolis
855 2645 1045 2686 vestitus
1081 2650 1173 2698 est,
1216 2644 1280 2686 ita
1324 2644 1456 2685 etiam
1500 2641 1755 2683 anthedium
1787 2650 1904 2677 nunc
1935 2649 2066 2690 squa-

268 2721 363 2749 mas
395 2708 497 2748 illas
530 2704 860 2746 involucrantes
894 2702 1027 2759 gerit,
1062 2717 1180 2745 nunc
1211 2703 1272 2744 iis
1305 2707 1440 2754 earet,
1479 2705 1609 2756 atque
1633 2704 1736 2740 tunc
1762 2697 1924 2746 laxum,
1958 2700 2066 2735 tunc

271 2767 454 2807 densum
489 2764 722 2819 apparet.“
766 2762 943 2803 Wimm.
979 2766 1021 2803 et
1054 2761 1190 2803 Grab.
1227 2760 1268 2802 fl.
1302 2760 1373 2801 sil.
1400 2763 1441 2803 3.
1475 2773 1516 2815 p.
1541 2760 1637 2801 185.
1699 2754 1948 2796 varietates
1989 2765 2067 2794 no-

270 2824 502 2867 tabiliores
535 2821 717 2878 egregie
748 2820 793 2861 in
826 2820 908 2862 hac
939 2820 1049 2861 flora
1079 2819 1306 2875 expositae
1337 2823 1472 2860 sunt:

391 2915 433 2940 α.
467 2894 682 2948 alpinum
713 2893 997 2949 yenuinum,
1031 2893 1174 2935 caulis
1211 2896 1232 2935 1
1268 2890 1508 2946 cephalus,
1546 2886 1645 2929 basi
1683 2886 1787 2951 1-3·
1805 2884 1969 2935 solius,
2003 2882 2067 2924 fo·

270 2956 348 2997 liis
380 2952 666 3003 lamentatis,
713 2951 1005 2992 exterioribus
1037 2964 1171 3005 saepe
1202 2949 1436 3000 obovatis,
1480 2946 1714 2987 involucro
1747 2943 1852 2998 pilis
1885 2943 2065 2995 elonga-

272 3016 331 3055 tis
364 3011 844 3055 cano-villosissimo:
906 3009 963 3050 H.
998 3008 1193 3064 alpinum
1227 3007 1277 3047 L.
1322 3020 1388 3060 sp.
1419 3003 1542 3049 1124.
1587 3001 1843 3057 etrplnrim.
1895 3007 2064 3041 auctor.

276 3071 481 3113 Occurrit
512 3069 634 3111 foliis
667 3069 870 3110 omnibus
903 3067 1045 3109 acutis
1079 3072 1120 3107 et
1153 3062 1626 3112 rotundato-obtusis,
1662 3059 1963 3116 integerrimis
1993 3057 2068 3100 vel

275 3131 376 3187 plus
411 3129 613 3169 minusve
645 3126 851 3168 dentatis.

392 3210 429 3257 β.
460 3200 708 3254 pumilum,
741 3199 876 3240 villus
901 3196 1121 3240 involucri
1152 3195 1344 3249 brevior,
1379 3197 1524 3235 cetera
1547 3195 1592 3232 ut
1620 3189 1954 3232 antecedentis:
2002 3186 2063 3228 H.

273 3260 485 3316 pumilum
528 3258 670 3315 Hopp.
705 3270 776 3313 ap.
814 3256 966 3301 Willd.
1011 3270 1075 3312 sp.
1097 3258 1136 3299 3,
1185 3255 1308 3299 1562.
1367 3250 1508 3294 St..h.
1538 3252 1610 3295 37.
1673 3249 1818 3291 Villus
1867 3245 2064 3303 quando-

1815 3368 1842 3382 Ο
