2200 3525
269 130 371 178 332
933 121 1372 177 STELLATAE.
1766 164 1776 178 .
1838 143 2058 182 GALIUm.

269 287 520 328 nemoribus
555 289 596 327 et
629 283 772 340 sylvis
806 283 1032 328 umbrosis
1066 286 1236 344 region.
1271 286 1632 340 subalpinarum,
1681 286 1814 329 etiam
1846 289 2057 330 montium

269 345 576 395 humiliorum,
612 345 676 397 (a.
712 344 754 388 d.
789 342 1018 399 Vogesen,
1062 345 1106 386 in
1141 345 1180 385 d.
1218 343 1426 386 Schweiz
1461 361 1499 387 u.
1537 346 1665 401 langs
1698 344 1739 386 d.
1774 360 1946 402 ganzen
1978 349 2055 389 Al-

268 404 495 457 penkette‚
552 402 660 442 auch
705 403 750 442 in
797 401 1087 454 Oberbadeu,
1136 404 1470 459 Wiirtemberg‚
1516 403 1746 455 Franken,
1797 405 1965 446 sodann
2010 420 2054 451 v.

269 459 495 500 Oestreicb
541 459 580 500 d.
626 460 838 512 Miibren,
885 459 1143 515 Schlesien,
1189 462 1412 512 Bfflunen,
1457 463 1569 503 nach
1613 462 1917 519 Thuringen.)
1962 463 2053 511 Jul,

266 519 379 574 Aug.
413 518 467 557 D.
503 516 545 558 fl.
572 522 606 560 1.
642 520 738 562 778.
770 517 899 573 Jacq.
933 533 971 560 a.
1005 525 1032 561 t.
1053 522 1124 564 94.
1187 519 1340 561 Flores
1374 521 1478 561 albi.
1953 525 1955 527 ’
2031 539 2035 542 ·

385 590 448 631 13.
504 588 557 629 G.
593 603 806 631 BOREALE
839 591 913 640 [L.
947 607 1011 647 sp.
1042 591 1161 647 156.)
1200 592 1339 645 soliis
1381 594 1627 647 quaternis
1659 594 1936 646 lanceolatz’s
1968 594 2055 635 tri-

263 647 436 689 ner-viis
467 648 659 699 malicie
693 649 892 705 margine
925 651 1121 701 scabris,
1158 650 1290 691 caule
1322 660 1475 692 erecto
1508 653 1676 692 stria-lo
1710 653 2053 706 quadrangulari

262 707 416 761 glabro
450 707 519 747 vel
554 707 768 760 puberulo
800 722 1003 761 superne
1032 709 1326 762 paniculum,
1363 711 1593 763 pedicellis
1622 711 1863 751 fructiferis
1897 705 2054 752 eiectis

262 763 546 817 patentibus,
591 765 810 806 fructibus
847 766 1327 820 tomentoso-hispidis
1377 768 1615 823 glabrisve.
1651 765 1719 821 Q.
1766 769 1815 808 ln
1859 769 2052 820 erieefis,

260 821 424 874 sylvis,
460 823 596 877 pratis
617 825 868 878 sylvaticiS.
899 824 990 866 Jul.
1010 827 1122 880 Aug.
1160 825 1214 864 D.
1250 825 1291 864 fl.
1319 829 1352 866 t.
1387 840 1426 879 p.
1456 828 1551 869 773.
1587 825 1654 870 Fi,
1677 827 1908 868 dan.1024
1954 827 2054 867 Flo-

260 892 330 921 res
357 881 460 921 albi.
506 882 695 922 Fructus
730 884 840 924 setis
867 885 1075 924 brevibus
1097 882 1252 924 erectis
1276 884 1399 937 apice
1427 884 1660 924 uncinatis.
1708 882 1864 924 Variat
1882 890 2050 925 autem:

379 946 419 995 β.
453 940 817 994 intermedium,
870 942 1040 983 fructus
1073 942 1230 982 setulis
1264 941 1541 982 brevissimis
1577 942 1800 998 adpressis
1836 942 2053 997 adspersi,

257 999 388 1099 {uagi
422 1000 600 1053 punctis
636 1000 864 1056 argenteis
898 1000 1030 1056 picti:
1094 999 1154 1040 G.
1190 1001 1364 1041 boreale
1397 1009 1437 1059 β.
1472 1001 1526 1042 D.
1563 1001 1609 1041 fl.
1643 1002 1671 1042 l.
1706 1014 1742 1042 c.
1775 1000 1872 1042 DC.
1907 1001 2051 1057 prodr.

376 1132 422 1172 y.
457 1114 841 1173 hyssopi-folium,
876 1116 1044 1160 fructus
1079 1116 1365 1173 glaberrimi:
1422 1116 1476 1158 G.
1500 1118 1674 1158 boreale
1708 1133 1752 1173 γ.
1787 1117 1840 1157 D.
1875 1117 1918 1158 fl.
1951 1118 1980 1159 1.
2014 1131 2053 1162 c.

258 1169 314 1211 G.
351 1172 694 1273 hitssopifolium
729 1175 889 1217 Hoffm.
921 1176 976 1217 D.
1010 1175 1057 1221 fl.
1082 1183 1118 1219 1.
1151 1190 1191 1231 p.
1215 1178 1282 1222 71.
1348 1174 1402 1217 G.
1435 1175 1659 1217 rubioides
1693 1175 1808 1222 Poll.
1842 1176 1931 1232 pal.
1955 1178 2052 1220 150.

256 1243 345 1272 uon
399 1251 430 1274 Α.

378 1307 447 1349 14.
495 1305 830 1349 G.R1J13101DES
877 1307 951 1363 (L.
987 1321 1054 1361 sp.
1088 1306 1209 1359 152.)
1254 1307 1392 1361 foliis
1434 1306 1682 1362 quaternis
1722 1306 1936 1347 ovalibus
1980 1307 2057 1347 vel

254 1362 772 1420 oblonyo-lanceolatis
806 1367 1047 1408 trinerviis
1079 1366 1268 1407 muticis
1303 1366 1501 1420 margine
1534 1365 1738 1418 scabris,
1786 1365 1919 1406 caule
1962 1366 2051 1418 dif-

244 1423 365 1476 fuso
399 1424 718 1465 adscendente
751 1426 906 1480 glabro
939 1438 1142 1478 superne
1170 1425 1465 1478 panio-ululo,
1501 1424 1705 1476 panicula
1741 1422 1945 1472 dilatata,
1981 1437 2052 1478 pe·

256 1480 432 1523 dicebis
459 1483 703 1523 fructiferis
739 1483 896 1524 erectis
929 1483 1199 1538 patentibus,
1236 1483 1453 1523 fructibus
1487 1481 1653 1535 glabris
1688 1482 1757 1520 vel
1779 1481 2052 1534 subpuberu-

255 1539 330 1580 lis.
368 1537 436 1595 ZL.
485 1541 535 1581 In
578 1541 875 1596 graminosis,
926 1542 980 1582 ad
1024 1541 1254 1582 fluviorum
1300 1541 1448 1595 ripas,
1492 1541 1536 1579 in
1580 1540 1767 1595 pratis„
1802 1540 2050 1592 sylvaticis‚

256 1598 451 1654 (Krain,
491 1598 649 1652 Host.)
707 1600 812 1639 Mai.
845 1598 952 1640 Jun.
1016 1599 1315 1659 Antecedenti
1349 1599 1523 1657 quidem
1570 1599 1697 1639 valde
1741 1598 1914 1650 simile,
1973 1597 2051 1639 sed

253 1657 393 1713 primo
427 1658 588 1698 intuitu
624 1659 775 1698 habitu
809 1658 1060 1700 robustiore
1094 1664 1134 1699 et
1167 1658 1289 1699 foliis
1337 1657 1647 1711 fructibusque
1691 1658 1824 1696 multo
1871 1657 2047 1709 majori-

251 1714 336 1755 bus
371 1716 675 1769 dignoscitur3
728 1725 871 1757 tamen
907 1717 1172 1758 difficillime
1217 1716 1435 1756 definitur.
1503 1715 1656 1755 Vivam
1694 1722 1920 1769 utramque
1953 1729 2050 1769 spe-

252 1773 362 1815 ciem
398 1774 587 1815 nondum
622 1775 886 1829 comparavi.
948 1776 1137 1816 Fructus
1173 1775 1316 1829 glabri
1356 1775 1421 1814 vel
1456 1775 1612 1814 setulis
1641 1774 1846 1814 brevibus
1875 1787 2048 1813 sursum

254 1831 434 1874 directis
479 1832 709 1887 adspersi,
755 1834 904 1875 caules
948 1848 1122 1889 quoque
1153 1833 1224 1875 vel
1265 1834 1415 1876 laeves
1448 1833 1519 1873 vel
1561 1832 1802 1874 tuberculis
1846 1831 2049 1873 minutis·

249 1891 382 1933 'simis
418 1891 462 1930 in
499 1891 679 1947 angulis
715 1892 1025 1936 scabriusculi.
1963 1889 2018 1933 G.

384 1974 480 2008 Sect.
506 1975 550 2009 V.
594 1975 823 2008 EUGALIUM.
850 1977 921 2009 DC.
949 1979 1068 2019 prodr.
1089 1977 1119 2011 4.
1148 1989 1181 2020 p.
1194 1979 1283 2019 593„
1309 1987 1376 2020 pro
1395 1980 1509 2018 parte.
1545 1977 1822 2009 inflorescentia
1846 1976 2049 2007 terminalis

252 2021 466 2063 particulata
497 2020 552 2050 vel
586 2021 818 2052 verticillata.
880 2021 1008 2053 Flores
1038 2023 1337 2064 herm-aphroditi.
1386 2021 1561 2054 Pedieelli
1596 2021 1764 2057 deflorati
1798 2022 1899 2052 recti.
1947 2019 2050 2051 Folia

252 2064 458 2096 uninervia.
506 2062 631 2094 Cauiis
656 2063 783 2104 glaber
807 2064 864 2095 vel
889 2066 1068 2107 hirs-mm,
1094 2067 1157 2097 sed
1182 2066 1361 2096 aculeolis
1387 2065 1532 2096 reflexis
1551 2065 1764 2105 destinam,
1791 2073 1910 2105 neque
1927 2072 2046 2104 asper.

374 2135 443 2179 15.
496 2135 550 2177 G.
582 2148 742 2176 VERUM
790 2136 868 2190 (L.
901 2137 1112 2190 sp.155.]
1151 2136 1241 2190 fol.
1275 2136 1520 2177 linearibus
1567 2135 1833 2176 mucronatis
1876 2133 2048 2176 subtus·

252 2195 549 2238 subvelucino
573 2219 588 2225 -
609 2195 882 2248 puberulis,
932 2195 1124 2234 caulinis
1173 2195 1343 2234 octonis
1368 2194 1692 2247 ‚duodenisve‚
1736 2193 1862 2233 caule
1905 2198 2048 2233 erecto

250 2256 323 2296 vel
357 2252 652 2295 adscendente
685 2253 832 2309 rigido
865 2253 991 2294 tereti
1025 2252 1352 2306 quadricostato
1386 2253 1874 2307 pubescenti-scabro,
1909 2250 2045 2292 ramis

250 2312 485 2368 paniculae
517 2311 769 2364 patentibus
803 2310 1082 2364 densifloris‚
1130 2310 1360 2365 pedicellis
1394 2310 1638 2351 fructiferis
1672 2309 2044 2350 subhorizontali-

249 2378 315 2412 ter
347 2371 627 2426 patentibus,
679 2370 858 2411 laciniis
900 2369 1091 2410 corollae
1135 2369 1451 2410 obtusiusculis
1486 2367 1746 2410 brevissime
1782 2367 2037 2422 apiculatis,

249 2429 468 2472 fructibus
501 2427 717 2468 laevibus.
750 2425 817 2481 ΖΑ.
855 2428 906 2468 In
941 2427 1107 2480 pratis,
1143 2428 1346 2481 pascuis,
1393 2427 1447 2469 ad
1482 2428 1706 2479 sylvarum
1740 2440 1852 2467 oras.
1917 2425 2042 2466 Jun.—

250 2495 444 2530 autumn.
479 2487 533 2527 D.
569 2486 610 2526 fl.
636 2490 671 2528 1.
706 2500 747 2540 p.
764 2487 860 2530 783.
896 2484 1027 2527 Schk.
1062 2491 1090 2526 t.
1109 2488 1177 2529 23.
1242 2485 1394 2527 Variat
1427 2485 1549 2526 foliis
1584 2499 1720 2539 supra
1751 2484 1949 2525 scabris:
1984 2483 2040 2524 G.

248 2546 504 2588 verosimile
538 2544 583 2586 R.
620 2549 661 2585 et
696 2543 743 2586 S.
776 2558 814 2585 s.
849 2558 948 2599 veg.
971 2546 1011 2587 2.
1044 2558 1087 2598 p.
1109 2545 1238 2593 234.3
1283 2550 1323 2584 et
1356 2557 1488 2597 supra
1521 2544 1718 2598 glabris,
1763 2543 1944 2583 floribus
1977 2543 2043 2583 in-

118 2614 133 2623 '
171 2614 177 2619 ¹
248 2605 420 2648 tensius
454 2604 586 2645 luteis
621 2608 662 2644 et
695 2603 994 2652 ochroleucis3
1030 2602 1106 2642 sed
1143 2601 1198 2643 G.
1224 2602 1531 2642 ochroleucum
1558 2601 1692 2642 Wolf.
1719 2615 1786 2656 ap.
1810 2600 2039 2655 Schweig.

250 2669 292 2705 et
323 2664 446 2704 Kert.
482 2662 523 2702 fl.
559 2663 727 2717 erlang.
755 2665 789 2703 1.
824 2676 863 2717 p.
882 2663 951 2704 36.
988 2660 1163 2701 Wimm.
1200 2665 1240 2701 et
1274 2660 1406 2700 Grab.
1444 2660 1485 2702 fl.
1521 2661 1643 2701 siles.
1666 2663 1699 2701 1.
1733 2673 1773 2714 p.
1798 2660 1894 2709 124,
1930 2658 2043 2711 (nou

249 2722 362 2775 Kit.,
398 2720 512 2776 quod
536 2721 590 2761 ad
607 2720 662 2763 G.
680 2719 873 2762 lucidum
895 2719 1075 2774 propius
1097 2719 1307 2771 accedit‚]
1330 2718 1500 2765 differt:
1536 2718 1675 2761 caulis
1697 2717 1874 2771 angulis
1896 2716 2039 2771 magis

248 2779 544 2836 prominulis,
591 2778 713 2820 foliis
747 2779 982 2819 latioribus
1017 2783 1058 2818 et
1090 2777 1271 2818 laciniis
1307 2777 1496 2818 corollae
1531 2775 1708 2831 longius
1754 2776 2038 2829 mucronatis‚

250 2844 381 2893 atque
412 2836 601 2892 hybrida
633 2838 785 2892 planta
818 2850 916 2878 esse
948 2835 1123 2876 videtur
1155 2836 1270 2876 inter
1303 2836 1360 2880 G,
1396 2835 1688 2890 Molluginem
1722 2837 1763 2872 et
1797 2831 1850 2872 G.
1872 2846 2037 2873 verum.

370 2912 436 2955 16.
472 2910 531 2951 G.
566 2923 848 2953 PURPUREUM
881 2908 955 2963 (L.
991 2920 1056 2961 sp.
1084 2908 1205 2962 156.)
1240 2909 1376 2962 foliis
1410 2907 1651 2948 linearibus
1686 2905 2040 2960 angustissimi-s·

250 2967 546 3021 mucronatis',
590 2969 782 3010 caulinis
815 2966 986 3010 octonis
1019 2966 1231 3016 denisve‚
1278 2967 1404 3006 caule
1435 2970 1576 3004 erecto
1610 2963 1752 3016 rigido
1786 2964 2038 3017 paniculato

249 3025 552 3069 ramosissimo
584 3027 709 3068 tereti
746 3026 1071 3080 quadrieostato
1105 3025 1397 3076 pubescente,
1445 3021 1686 3074 pedicellis
1731 3022 2037 3074 capillccribzts

249 3086 532 3128 nutantibus
565 3085 940 3136 subracenmsis,
986 3082 1163 3126 laciniis
1197 3083 1385 3122 corollae
1418 3080 1608 3120 breviter
1643 3080 1901 3134 apiculafis,
1947 3080 2039 3121 fru-

252 3144 397 3185 ctibus
430 3143 641 3184 laevibus.
677 3140 748 3194 21..
796 3144 846 3182 In
891 3140 1136 3186 declivibus
1181 3139 1421 3193 lapidosis,
1467 3138 1655 3179 collibus
1699 3139 1906 3191 incultis,
1951 3138 2036 3187 (im

252 3199 380 3242 Cant.
414 3201 604 3255 Tessin,
639 3202 754 3245 sudi.
788 3201 928 3254 Tyrol
959 3214 1004 3243 u.
1040 3198 1084 3241 d.
1118 3197 1371 3250 Littorale.)
1415 3195 1505 3238 Jul.
1538 3196 1652 3253 Aug.
1696 3197 1754 3240 D.
1788 3197 1832 3243 fl,
1861 3201 1900 3240 1.
1933 3198 2034 3242 785.

249 3258 405 3305 Flores
436 3259 590 3315 parvi,
627 3259 880 3318 sanguinei.
