2200 3525
155 85 405 120 FsssrucA.
814 69 1264 124 GRAM1NEAE.
1827 79 1928 128 813

158 228 318 283 culam,
349 228 431 270 tub
463 228 635 270 antliesi
663 229 789 271 valde
813 230 1119 283 divaricatum,
1154 233 1283 275 etiam
1317 235 1360 276 in
1394 235 1498 277 aliis
1530 235 1927 279 modificationibus

160 287 421 341 quaudoque
452 288 750 328 observamus.
817 290 935 330 Haec
966 290 1010 330 in
1043 292 1208 332 Suevia
1241 294 1468 348 superiore
1500 301 1540 336 et
1572 294 1765 336 Bavaria
1795 308 1925 349 supe-

159 346 300 396 riore,
336 346 572 399 etcopiose
595 346 767 399 quidem
802 349 845 387 in
880 348 1092 402 glareosis
1128 350 1277 391 isarae
1295 365 1427 407 prope
1445 351 1724 394 Monacbium
1753 353 1925 395 crescit.

277 437 305 461 ι,
336 418 627 468 pannonica,
672 417 777 457 folia
822 420 949 473 paulo
993 422 1240 473 crassiora,
1281 424 1468 479 glauca,
1515 426 1710 480 apiculae
1754 427 1926 479 longae,

158 475 281 518 8-10
322 475 487 527 florae,
543 474 776 516 misturae:
842 477 892 521 F,
926 479 1173 533 pannonica
1217 479 1338 522 Host.
1385 482 1510 535 gr.4.
1558 491 1584 524 t.
1607 484 1675 527 62.
1738 483 1791 523 D.
1825 484 1864 524 fl.
1895 488 1929 526 1.

159 533 256 576 652.
321 532 444 574 Haec
479 545 503 572 a
536 532 586 577 F.
618 533 776 587 glauca
808 548 891 575 non
926 535 1097 588 differt,
1139 537 1224 579 nisi
1258 553 1433 581 numero
1466 540 1615 581 florum
1650 543 1692 581 in
1726 541 1927 596 spiculis.

277 605 553 645 Varietates
595 605 836 660 viviparae
877 609 1134 663 praesertim
1180 610 1224 651 in
1268 612 1488 654 montibus
1531 612 1758 654 altioribus
1801 618 1842 655 et
1884 613 1928 653 in

159 662 335 717 alpibus
368 670 612 705 occurrunt.

279 756 343 792 11.
376 750 424 790 F.
460 763 819 792 HETEP-OI’HYLLA
855 752 1000 807 (Lam.
1036 754 1078 795 ss.
1112 755 1164 797 fr.
1199 755 1300 797 edit.
1330 759 1364 798 1.
1399 759 1439 799 3.
1473 771 1512 811 ρ.
1532 759 1628 802 600.
1668 759 1821 813 1778.)
1857 774 1929 814 pa·

164 808 310 850 nicula
343 810 422 849 sub
451 809 619 849 anthesi
655 817 840 861 patente,
877 813 1063 865 spiculis
1097 813 1192 856 4-5
1226 815 1366 865 floris,
1402 815 1582 855 floribus
1615 818 1807 858 aristatis
1842 819 1930 859 lan-

160 867 368 920 ceolatis,
412 868 550 906 arista
593 867 738 917 brevi,
784 870 851 908 vel
895 871 1089 924 longiore
1141 872 1372 926 floremque
1416 874 1641 914 dimidium
1698 883 1926 929 aequante,

148 925 284 979 soliis
316 925 605 965 rarlicalibus
638 927 1175 981 complicato—selae-ck,
1210 932 1397 971 culmi-is
1426 932 1596 983 planis,
1630 933 1774 986 ligyeila
1803 934 1929 974 biau-

159 984 281 1033 rita,
316 984 476 1024 radice
497 983 698 1034 fibi-osa.
732 981 798 1036 ZJ..
834 985 882 1024 ln
917 987 1055 1039 sylvis
1090 989 1333 1040 montanis,
1377 990 1622 1042 subalpinis
1657 1001 1695 1030 et
1730 993 1930 1045 alpibus;

160 1042 204 1082 in
242 1043 460 1082 montibus
495 1040 798 1081 humilioribus
833 1042 972 1083 rarius
1005 1047 1204 1085 occurrit.
1268 1046 1316 1087 F.
1345 1047 1641 1101 heteropliylla
1667 1049 1832 1090 Haenk.
1861 1062 1931 1104 ap.

158 1099 284 1153 Jacq.
320 1099 487 1139 collect.
507 1103 547 1139 2.
585 1100 708 1151 p.93.
749 1101 871 1142 1788.
917 1101 970 1140 D.
1005 1102 1045 1142 fl.
1073 1108 1105 1144 1.
1140 1117 1179 1157 p.
1202 1105 1299 1146 655.
1364 1105 1411 1144 F.
1446 1106 1699 1147 duriuscula
1736 1106 1783 1147 L.
1816 1115 1928 1160 syst.

160 1160 313 1199 uat.2.
349 1158 437 1208 96.,
473 1169 557 1196 non
592 1170 706 1208 spec.
743 1159 875 1210 plant.
911 1157 1097 1200 Schrad.
1131 1174 1267 1215 germ.
1292 1166 1327 1205 1.
1359 1163 1460 1207 328.
1494 1176 1580 1203 var.
1604 1182 1644 1207 α.
1707 1164 1756 1204 F.
1790 1178 1933 1206 nemo-

161 1229 255 1256 rum
290 1213 444 1267 Leyss.
477 1215 521 1255 in
556 1214 774 1255 Abhandl.
807 1215 846 1261 d.
882 1216 986 1257 hall.
1020 1220 1178 1259 naturf.
1213 1233 1307 1274 ges.
1336 1225 1371 1262 1.
1403 1222 1500 1263 368.
1563 1221 1612 1262 ln
1647 1223 1801 1263 umbra
1843 1224 1932 1276 syl—

160 1287 313 1314 varum
347 1273 455 1315 folia
488 1272 697 1313 radicalia
729 1274 987 1315 tenuissima
1020 1283 1060 1316 et
1093 1277 1295 1331 elongata
1327 1284 1455 1331 sunt,
1500 1279 1793 1337 paniculaque
1837 1295 1932 1322 cum

160 1331 348 1386 spiculis
383 1331 599 1371 viridibus
643 1339 791 1379 nutam
849 1333 891 1371 in
926 1334 1066 1389 sylvis
1100 1336 1268 1388 caesis,
1322 1338 1406 1378 soli
1454 1340 1690 1393 expositis,
1741 1341 1845 1383 folia
1878 1340 1932 1379 ri-

160 1391 266 1446 gida
298 1390 404 1430 fiunt
438 1389 728 1443 paniculaque
760 1390 970 1446 erigitur3
1018 1392 1062 1432 in
1106 1393 1280 1446 alpibus
1325 1396 1524 1450 spinulae
1567 1410 1618 1437 ex
1650 1400 1843 1441 violaceo
1889 1405 1932 1438 et

160 1449 277 1490 luteo
311 1448 566 1503 varic-gatae
598 1456 832 1502 apparent3
877 1450 982 1490 haec
1022 1449 1172 1490 ultima
1195 1451 1269 1492 ‘est
1301 1452 1352 1493 F.
1386 1455 1642 1509 nigrescens
1678 1457 1794 1499 Lam.
1830 1456 1930 1496 dict.

160 1510 201 1551 2.
235 1505 389 1562 p.460.
454 1505 502 1546 F.
545 1505 768 1560 nigricans
813 1503 1034 1548 Schlei'ch.
1083 1510 1240 1550 exsicc.
1315 1510 1546 1555 Festucam
1588 1514 1932 1574 heteropliyllam

161 1571 203 1608 et
236 1565 556 1621 nigrescentem
591 1578 613 1604 e
645 1565 812 1605 semine
844 1565 1024 1607 eductas
1057 1566 1102 1607 iu
1136 1567 1255 1609 horto
1287 1571 1533 1613 observavi.

278 1666 347 1709 12.
381 1664 429 1705 F.
464 1678 611 1705 nunna
652 1664 723 1720 (L.
758 1679 821 1720 sp.
847 1666 967 1721 109.)
1000 1668 1207 1722 panicula
1239 1669 1320 1709 sub
1351 1672 1521 1715 antliesi
1556 1680 1754 1730 patente,
1789 1678 1932 1733 spicu-

161 1723 219 1765 lis
252 1724 332 1764 sub
365 1727 388 1766 5
423 1723 571 1774 floris,
607 1724 787 1764 floribus
822 1725 1075 1766 lanceolatis
1108 1727 1327 1780 adstatis,
1368 1731 1502 1772 arista
1536 1732 1731 1776 breviore
1765 1736 1934 1789 longio-

162 1796 268 1824 reve
310 1781 544 1836 floremque
586 1782 812 1822 dimidium
853 1791 1090 1836 aequante,
1131 1786 1266 1838 soliiS
1308 1789 1597 1831 radic-alibus
1640 1795 1934 1847 complicato-

163 1841 365 1882 setaceis
397 1841 586 1882 culmeis
613 1841 796 1893 planis,
829 1842 974 1895 ligula
1007 1842 1232 1893 biam-ita,
1267 1846 1427 1887 radice
1459 1850 1736 1903 stoloni-fera
1771 1854 1937 1907 caespi-

164 1907 317 1953 tcsque
349 1899 469 1940 laxos
503 1907 672 1954 agente.
706 1895 772 1954 21..
809 1899 858 1939 ln
893 1900 1056 1953 pratis,
1091 1902 1294 1955 pascuis,
1330 1906 1497 1960 campis
1530 1909 1755 1961 arenosis,
1789 1911 1932 1966 sylva-

163 1971 257 2000 rum
300 1957 401 1998 oris.
465 1957 573 1997 Mai.
606 1957 707 1997 Jun.
769 1957 822 1997 D.
869 1957 911 1998 fl.
937 1961 972 1999 1.
1005 1960 1104 2001 653.
1167 1959 1216 2000 ln
1260 1960 1369 2002 locis
1412 1966 1610 2006 arenosis
1652 1968 1783 2025 longe
1825 1968 1935 2022 repit

163 2016 418 2070 culmosque
450 2029 526 2068 per
557 2014 794 2056 interstitia
824 2015 1044 2057 solitarios
1086 2017 1266 2071 profert.
1331 2019 1480 2064 Variat
1521 2025 1706 2080 spiculis
1748 2040 1936 2084 superne

160 2073 336 2131 paulum
368 2072 538 2114 villosis
571 2079 612 2114 et

277 2154 319 2204 β.
350 2146 544 2198 villosa,
577 2146 677 2187 totis
707 2144 814 2186 villo
844 2145 969 2189 brevi
1001 2145 1252 2204 adspersis:
1294 2147 1345 2191 F.
1371 2149 1640 2196 dumetorum
1670 2154 1721 2197 L.
1753 2170 1820 2214 sp.
1839 2160 1933 2204 109.

162 2203 212 2246 F.
245 2205 428 2246 barbata
459 2204 672 2245 Schrank.
706 2205 862 2245 salisb.

279 2294 328 2336 y.
361 2276 669 2331 lanugyinosa,
704 2274 910 2317 notabilis
942 2276 1131 2318 varietas
1163 2277 1346 2331 spiculis
1379 2280 1617 2325 maioribus
1648 2285 1934 2344 lanuginoso·

162 2335 363 2378 villosis:
414 2334 464 2374 F.
499 2335 676 2376 cinerea
708 2332 806 2374 DG.
839 2332 883 2374 ss.
917 2333 968 2375 fr.
988 2337 1032 2377 3.
1066 2336 1139 2378 51.
1201 2335 1250 2377 F.
1285 2338 1484 2380 arenaria
1516 2339 1699 2385 Osbeck.
1733 2345 1779 2385 iu
1815 2345 1934 2388 Retz.

166 2394 380 2449 supplem.
425 2392 467 2433 fl.
514 2393 668 2433 scand.
694 2394 729 2434 1.
773 2395 816 2436 4.
888 2391 938 2432 F.
975 2393 1103 2432 rubra
1146 2401 1186 2450 β.
1229 2397 1430 2437 arenaria
1472 2397 1615 2441 Fries.
1689 2400 1739 2443 F.
1771 2403 1935 2447 baltica

166 2452 414 2494 Hohmann.
449 2450 494 2493 in
526 2451 608 2492 litt.
669 2448 721 2494 F.
752 2449 1018 2492 dumetorum
1053 2450 1176 2492 Rafn.
1211 2452 1355 2494 danm.
1389 2467 1447 2511 og
1477 2455 1623 2500 Holst.
1655 2459 1698 2502 fl.
1719 2462 1759 2504 5.
1791 2462 1892 2506 549.

297 2565 391 2599 Sect.
417 2566 458 2600 V.
506 2565 770 2599 Semnonum.
803 2565 998 2597 Paniculae
1023 2566 1231 2607 pedunculi,
1256 2569 1419 2609 apiculae
1443 2569 1625 2614 flore-que
1651 2577 1691 2606 ut
1716 2576 1752 2608 ln
1774 2578 1937 2610 neettoue

167 2611 413 2644 antecedente.
460 2608 529 2642 Sed
556 2611 670 2652 ligula
692 2614 868 2643 truncata.
895 2610 950 2640 vel
968 2611 1073 2640 etiam
1100 2614 1284 2651 protracta
1309 2616 1342 2643 et
1367 2613 1538 2655 oblonga,
1564 2626 1635 2648 uon
1662 2627 1746 2650 vero
1766 2620 1935 2653 Maurita-

127 2651 132 2658 ”
167 2653 272 2686 Folia
295 2655 441 2696 saepius
467 2654 596 2695 plana.
630 2655 733 2685 etiam
760 2653 942 2685 radicalia.
967 2668 1004 2675 -—-
1062 2652 1099 2684 ln
1134 2654 1214 2684 sola
1240 2653 1275 2685 Ρ.
1302 2654 1456 2688 loliacea
1488 2660 1653 2700 splculae
1685 2662 1722 2693 in
1756 2672 1936 2695 racemum

168 2698 391 2739 dispositae,
438 2697 625 2739 pcdicellis
670 2697 837 2728 brevibus
883 2701 918 2727 et
942 2696 1076 2727 crassis
1102 2697 1279 2735 Insident3
1335 2704 1475 2732 ceterae
1520 2705 1662 2743 specie·
1706 2706 1939 2747 paniculatae

167 2750 364 2784 carumque
386 2742 550 2783 apiculae
575 2740 762 2783 pedicelllc
788 2739 1013 2782 longioribus
1039 2745 1072 2771 et
1098 2741 1324 2773 tenuioribu·
1347 2743 1547 2776 instructae
1569 2751 1669 2780 nunt.

287 2843 354 2886 13.
396 2842 448 2884 F.
483 2854 617 2882 vanu
652 2840 856 2895 (Haenke
888 2839 932 2881 in
966 2839 1089 2895 Jacq.
1124 2841 1293 2884 collect.
1311 2845 1350 2884 2.
1384 2856 1422 2897 p.
1444 2843 1540 2899 94.)
1585 2848 1794 2902 panicula
1835 2863 1936 2892 000-

169 2905 307 2942 tracta
339 2902 420 2942 sub
454 2900 621 2942 anthesi
655 2905 854 2956 patente,
900 2899 1033 2940 ramis
1065 2899 1273 2940 solitariis
1307 2901 1578 2956 geininisve,
1624 2906 1810 2961 spiculis
1841 2910 1936 2953 5·8

170 2958 294 3000 floris
327 2959 515 3000 breviter
546 2958 738 2999 aristatis
771 2956 1025 3008 uiuticisve,
1054 2957 1194 3010 palea
1228 2957 1450 3011 inferiore
1480 2960 1683 3005 obsoleee
1713 2968 1744 3006 5
1770 2966 1933 3009 nervia

169 3017 434 3058 lanceolata
465 3032 495 3057 a
526 3017 676 3057 medio
707 3015 877 3056 sensim
909 3016 1211 3069 anamiim-e,
1241 3017 1403 3057 ovar-io
1434 3018 1567 3070 apice
1593 3021 1771 3075 piloso,
1794 3024 1932 3077 soliis

169 3075 384 3116 omnibus
416 3076 705 3129 complicatis
724 3073 1034 3127 filis'ormibus
1065 3073 1406 3125 subter-eribus,
1439 3075 1584 3130 liqula
1614 3079 1832 3136 oblonga,
1865 3095 1933 3124 ra-

172 3132 269 3174 dice
302 3133 487 3184 fibrosa,
534 3133 782 3174 stolonibus
815 3131 1032 3172 destituta.
1065 3128 1133 3185 21..
1168 3131 1217 3172 ln
1250 3131 1424 3187 pascuis
1456 3136 1641 3188 petrosis
1681 3138 1845 3194 alpium
1889 3148 1931 3182 et

173 3204 267 3246 reg.
301 3192 502 3248 subalp.,
536 3192 666 3247 (stw.
699 3191 742 3232 d.
777 3190 849 3233 die
879 3189 932 3232 A.
956 3189 1010 3232 K.
1043 3203 1084 3233 u.
1116 3188 1162 3232 in
1196 3190 1237 3235 d.
1271 3189 1508 3247 Sudeten.)
1537 3191 1628 3238 Jul.
1650 3196 1766 3256 Aug.
1799 3197 1854 3239 D.
1886 3196 1928 3239 fl.
