2200 3525
259 129 358 176 346
928 122 1240 177 DlPSACE
1250 123 1356 177 ΑΕ.
1756 144 2035 183 SCAssloSA.

249 287 623 343 fido-serratis,
672 298 1003 339 supremorum
1041 286 1386 342 inteyerrimis,
1433 289 1641 341 capitulo
1680 288 1847 331 fructus
1877 300 2035 342 ovato,

258 346 473 389 fructibus
516 347 544 388 8
587 344 801 398 sulcatis,
854 345 994 386 sulcis
1039 346 1397 399 excurrentibus,
1448 348 1562 388 sec-is
1604 348 1771 401 calycis
1815 349 2038 391 interioris

256 404 357 455 basi
389 403 651 457 compressis
684 403 878 443 enerviis
912 418 1137 446 coronam
1181 405 1412 446 exterioris
1446 414 1518 446 ter
1548 414 1774 461 quaterve
1808 408 2035 448 exceden-

258 463 396 504 tibus.
432 459 491 516 Θ
522 466 564 501 et
601 458 684 515 Q,
719 459 797 502 sed
833 462 949 503 baud
982 463 1198 519 longaeva
1231 470 1276 504 ut
1308 476 1514 517 sequens.
1568 465 1618 505 ln
1654 465 1842 505 collibus
1876 473 2037 506 monto·

256 521 344 570 sis,
381 518 708 573 (stellenweise
740 520 798 560 im
834 520 1059 576 Gebiete.)
1091 521 1179 562 Jul.
1215 523 1326 578 Aug.
1370 522 1490 576 Jacq.
1527 536 1562 563 a.
1598 529 1625 562 t.
1645 523 1742 565 439.
1793 522 2049 565 Reiclie'nbc

255 580 313 619 ic.
336 575 375 618 4.
408 577 438 616 f.
459 578 557 619 536.
621 577 668 618 S.
704 579 973 620 columbaria
1005 583 1048 625 δ’.
1091 579 1144 620 D.
1180 579 1221 619 fl.
1249 585 1282 620 1.
1319 582 1415 623 751.
1479 578 1530 620 S.
1565 581 1798 622 tenuifolia
1831 600 1871 626 a.
1907 581 2034 624 Roth.

254 642 358 676 tent.
383 640 418 676 1.
453 648 493 688 p.
521 637 591 679 59.
654 637 784 677 Hanc
815 651 840 676 a
872 644 1084 692 sequente
1116 638 1308 693 capitulo
1342 644 1467 678 ovato
1511 641 1743 694 separavi,
1789 640 1901 693 quod
1946 654 2034 682 sec.

255 693 322 734 Cl.
356 693 590 735 Reichenb.
626 695 672 735 in
706 696 784 736 illa
819 696 1048 748 globosum
1084 703 1173 750 est,
1221 695 1553 737 observationes
1599 711 1701 738 vero
1742 698 1940 752 proprias
1984 699 2037 739 de

253 751 333 792 hac
364 765 410 792 re
455 765 541 791 non
587 753 740 793 habeo.
804 754 957 796 Flores
1001 753 1273 806 ochmleuci,
1317 767 1419 793 raro
1463 755 1650 804 rubelli3
1696 769 1719 796 e
1762 757 1931 797 semine
1975 757 2034 812 pl.

253 810 538 851 ochroleucae
570 812 792 867 specimen
826 813 1008 854 floribus
1041 813 1225 854 rubellis
1259 811 1403 855 eduxi.

367 885 409 925 3.
443 881 491 924 S.
527 883 836 925 COLUMBARIA
871 885 945 941 (L.
970 900 1036 940 sp.
1057 885 1176 937 143.)
1212 884 1332 926 foliis
1367 883 1678 925 fasciculorum
1713 885 1926 926 sterilium
1961 886 2034 927 ob-

251 941 402 997 longis
436 942 607 983 ottusis
644 945 740 984 basi
785 947 1022 985 attenuatis
1066 943 1288 998 petiolatis
1331 943 1523 984 crenatis
1566 943 1754 998 integris
1800 944 2032 997 lyratisve,

253 1000 445 1041 caulinis
488 1001 652 1042 infimis
697 1003 878 1057 lyratis,
934 1003 1089 1044 ceteris
1143 1003 1209 1043 ad
1248 1010 1430 1043 costam
1474 1002 1677 1042 mediam
1714 1003 2032 1055 piunalzssdis,

245 1059 407 1112 pinnis
438 1060 698 1111 linearibus,
721 1061 955 1114 foliorum
985 1061 1265 1114 inferiorum
1293 1060 1842 1114 pinnacificlo-serratis,
1875 1075 2036 1115 supre-

249 1131 435 1158 morum
465 1120 813 1174 integerrimis,
859 1121 1067 1174 capitulo
1088 1120 1288 1173 fructus
1320 1119 1541 1174 yloboso,
1581 1119 1799 1160 fructibus
1831 1121 1859 1162 8
1892 1120 2034 1161 sulca-

250 1177 338 1228 tis,
384 1177 519 1218 sulcis
563 1180 922 1231 excurrentibus,
975 1179 1090 1219 setis
1133 1179 1301 1232 calycis
1345 1178 1567 1218 interioris
1613 1177 1713 1217 basi
1757 1178 2030 1233 compressis

251 1236 447 1275 enerviis
479 1250 706 1277 coronam
751 1237 979 1278 exterioris
1022 1245 1095 1277 ter
1137 1245 1362 1292 quaterve
1406 1236 1757 1277 excedentibus.
1794 1234 1854 1291 Θ
1889 1243 1930 1277 et
1963 1234 2031 1290 ZL.

252 1293 304 1334 In
337 1295 521 1349 campis,
556 1296 743 1336 collibus
776 1296 923 1336 siccis.
986 1295 1333 1336 Jun.-autumn.
1367 1295 1422 1336 D.
1456 1296 1497 1336 fl.
1518 1296 1554 1338 1.
1587 1309 1627 1350 p.
1649 1293 1744 1339 749.
1779 1308 1870 1335 var.
1892 1314 1938 1340 α.
1984 1295 2016 1336 S

252 1353 541 1408 polymorpha
574 1373 618 1397 α.
656 1354 800 1410 Weig.
835 1356 926 1394 obs.
961 1354 1046 1394 bot.
1074 1354 1111 1396 1.
1144 1368 1184 1408 p.
1212 1355 1280 1396 23.

254 1435 258 1439 -
369 1411 522 1451 Flores
556 1413 772 1465 caerulei,
807 1419 927 1455 setae
959 1412 1126 1466 calycis
1160 1411 1383 1452 interioris
1417 1411 1719 1452 atro-fuscae.
1786 1410 1831 1452 S.
1868 1412 2032 1452 colum-

251 1469 373 1510 baria
398 1470 634 1510 Reichenb.
664 1471 720 1511 ic.
742 1474 781 1513 4.
816 1471 845 1512 f.
864 1472 963 1521 535,
999 1470 1266 1511 modificatio
1294 1476 1360 1510 est
1387 1470 1508 1510 foliis
1545 1471 1737 1524 capitum
1765 1469 2033 1510 radicalium

249 1529 466 1569 sterilium
499 1529 684 1584 lyratis3
732 1529 810 1570 sed
845 1543 929 1569 non
962 1542 1059 1569 raro
1092 1529 1282 1570 occurrit
1325 1529 1456 1569 etiam
1499 1529 1620 1569 foliis
1666 1528 1785 1568 hisce
1827 1528 2031 1569 omnibus

250 1586 454 1643 integriS.
538 1587 688 1629 Variat
741 1587 922 1629 floribus
972 1587 1144 1628 carneis
1200 1593 1243 1628 et
1288 1587 1416 1628 albis.
1499 1586 1545 1628 S.
1592 1586 1862 1627 columbaria
1914 1586 2033 1627 Bert.

250 1658 421 1685 amoen.
458 1645 502 1686 it.
536 1659 578 1702 p.
599 1647 707 1701 125,
757 1647 890 1704 longe
933 1646 1022 1688 alia
1064 1646 1238 1702 species
1277 1653 1371 1697 est,
1416 1644 1470 1687 ad
1512 1645 1750 1687 sectionem
1794 1645 2031 1686 secundam

249 1704 493 1759 pertinens.

364 1778 407 1819 4.
442 1776 489 1818 S.
516 1790 687 1818 LUCIDA
721 1778 848 1834 (Vill.
873 1778 1017 1833 delph.
1037 1782 1075 1822 2.
1109 1792 1149 1834 p.
1172 1780 1296 1829 293.)
1329 1777 1450 1819 foliis
1479 1777 1790 1819 fasciculorum
1815 1775 2032 1817 sterilium

249 1834 454 1891 oblongis
488 1836 583 1877 basi
618 1838 855 1878 attenuatis
887 1837 1109 1892 petiolatis
1143 1837 1333 1878 crenatis
1359 1836 1546 1892 integris
1572 1836 1803 1888 lyratisve,
1839 1835 2031 1875 caulinis

249 1894 536 1935 inferioribus
570 1894 757 1949 integris
791 1896 860 1936 vel
893 1897 986 1936 basi
1032 1895 1338 1950 pinnatifidis,
1385 1895 1690 1948 superiori-bus
1735 1892 2029 1947 pinnatifidis,

250 1953 427 1992 laciniis
460 1954 989 1995 lanceolata-linearibus
1023 1954 1390 1995 inciso-serratis
1423 1953 1839 2006 integerrimisque,
1888 1953 2033 1992 fructu

248 2012 277 2053 8
308 2011 491 2062 sulcato,
526 2012 663 2052 sulcis
696 2013 1043 2063 excurrentibus,
1077 2013 1193 2053 setis
1225 2013 1393 2065 calycis
1424 2011 1648 2052 interioris
1682 2012 1777 2050 basi
1811 2022 2029 2063 compres-

249 2070 315 2110 sis
356 2069 539 2110 interne
581 2070 1098 2111 uninervio-carinatis·
1144 2085 1369 2112 coronam
1413 2069 1643 2110 exterioris
1691 2077 1763 2108 ter
1806 2076 2032 2122 quaterve

248 2128 598 2170 excedentibus.
633 2127 708 2184 O.
743 2128 796 2168 In
832 2130 1009 2183 pascuis
1042 2129 1207 2184 alpinis
1239 2134 1281 2168 et
1312 2127 1589 2182 subalpinis,
1638 2125 1873 2179 (Schweiz
1906 2140 1949 2170 u,
1984 2124 2028 2165 d.

249 2187 291 2228 d.
339 2200 479 2242 ganze
511 2187 793 2240 Alpenkette3
840 2187 1008 2228 sodann
1052 2200 1088 2227 a.
1137 2187 1176 2227 d.
1209 2186 1443 2240 Vogesen,
1492 2185 1531 2225 d.
1566 2184 1740 2237 Malis„
1784 2184 1937 2224 Bohm.
1982 2197 2027 2223 u.

248 2244 424 2286 Schles.
461 2243 730 2302 Gebirgen.)
761 2243 850 2286 Jul.
886 2246 995 2302 Aug.
1029 2246 1084 2286 D.
1117 2245 1159 2286 fl.
1183 2250 1216 2287 1.
1252 2245 1349 2289 752.
1394 2243 1636 2284 Reichenb.
1670 2244 1728 2284 ic.
1764 2243 1793 2284 f.
1818 2242 1916 2286 560.
1981 2239 2030 2282 S.

247 2303 401 2344 stricta
432 2303 505 2343 W.
541 2303 593 2344 K.
629 2305 687 2359 pl.
722 2317 805 2343 rar.
842 2304 882 2344 h.
917 2310 944 2344 t.
971 2306 1062 2347 138.
1127 2303 1174 2345 S.
1211 2304 1359 2344 norica
1391 2303 1543 2354 vest„
1577 2301 1702 2342 Rein.
1737 2307 1777 2342 et
1810 2301 2028 2341 Hohenw.

247 2361 351 2404 reis.
375 2365 415 2405 2.
448 2376 494 2416 p.
515 2365 613 2404 253.
677 2362 830 2402 Flores
863 2362 1328 2403 rubicundo-lilacini.
1393 2361 1518 2403 Setis
1552 2361 1638 2401 cal.
1664 2361 1751 2400 int.
1785 2360 1833 2399 in
1856 2359 2031 2412 fructu

248 2421 393 2474 duplo
424 2421 702 2473 latioribus,
737 2420 841 2461 basi
873 2421 1212 2475 complanatis,
1256 2429 1301 2461 et
1333 2420 1515 2461 interne
1545 2433 1687 2460 nervo
1717 2419 1926 2469 notatis,
1976 2419 2032 2458 ab

248 2479 609 2521 antecedentibus
641 2479 802 2536 optime
835 2480 1140 2536 distinguitur.

367 2538 417 2580 S.
449 2538 609 2579 lucida
643 2546 680 2597 β.
715 2539 770 2579 D.
798 2538 841 2578 fl.
867 2544 902 2580 1.
933 2552 972 2593 p.
995 2541 1119 2588 753„
1152 2542 1242 2579 tota
1273 2542 1463 2578 tomento
1498 2536 1623 2577 brevi
1657 2534 1866 2590 adpresso
1898 2539 2034 2586 tecta,

249 2603 477 2650 praeterea
507 2603 651 2637 autem
684 2596 793 2637 setis
827 2597 1046 2652 elongatis
1075 2597 1287 2638 instructa
1319 2603 1360 2637 et
1394 2594 1440 2636 S.
1473 2595 1648 2636 lucidae
1680 2593 1908 2634 simillima
1946 2599 2027 2633 est.

247 2656 378 2697 Hanc
406 2656 448 2696 b.
484 2653 674 2697 Gaudio.
707 2656 754 2696 in
786 2656 992 2696 Helvetia
1023 2657 1177 2696 lectam
1209 2668 1430 2709 nunquam
1464 2654 1603 2705 vidit,
1647 2667 1670 2693 e
1703 2650 1923 2691 sabaudia
1956 2664 2029 2690 au·

247 2715 374 2755 strali
407 2713 576 2755 habuit.
640 2713 755 2754 Num
788 2714 847 2755 sit
880 2715 1101 2765 varietas,
1147 2727 1202 2755 an
1234 2715 1429 2771 genuina
1462 2712 1663 2767 specieS,
1711 2721 1828 2750 nunc
1871 2707 2030 2759 dijudi-

248 2785 350 2813 care
382 2773 511 2824 nolo,
560 2786 690 2827 quum
735 2772 905 2814 fructus
951 2786 1201 2829 comparare
1244 2786 1329 2812 non
1375 2772 1577 2822 lic-uerit3
1622 2781 1718 2809 cum
1754 2764 1803 2805 S.
1841 2766 2028 2806 Hladni-

247 2829 385 2871 kiana
417 2844 520 2872 vero
552 2844 637 2871 non
671 2831 1029 2872 combinavcrim.
1092 2832 1160 2871 Ad
1192 2832 1314 2872 illam
1349 2831 1473 2870 traho
1506 2827 1551 2868 S.
1585 2824 1895 2867 holosericeam
1932 2823 2027 2869 DC.

248 2888 291 2929 ss.
308 2889 361 2929 fr.
379 2892 421 2932 5.
451 2889 629 2944 p.489.,
662 2889 766 2931 licet
781 2889 845 2930 Cl.
863 2897 1011 2930 auctor
1027 2889 1404 2930 S.holosericcam
1421 2888 1718 2928 Bert.amoen.
1738 2883 1787 2926 it.
1811 2897 1848 2937 p.
1869 2887 1933 2933 12,
1969 2883 2032 2924 ci-

249 2948 425 2998 taverit,
445 2961 558 3002 quae
573 2948 813 2988 secundum
829 2948 1166 3003 descriptionem
1183 2949 1290 2988 setis
1306 2947 1515 2987 brevibus
1531 2942 1686 2983 differt.
1716 2941 1967 2995 Descriptio
1984 2943 2029 2981 in

250 3004 293 3044 fl.
316 3006 483 3060 gallica
506 3013 681 3046 nostrae
702 3006 906 3048 varietati
929 3007 1110 3061 egregie
1133 3005 1357 3054 convenit,
1381 3009 1422 3044 et
1448 3015 1544 3043 mea
1560 3000 1804 3054 specimina
1828 3002 1872 3040 in
1890 3001 2028 3054 Pyre-

249 3075 457 3104 naeorum
491 3070 636 3104 monte
669 3063 748 3106 Pic
779 3065 1010 3106 d'Ereslits
1042 3066 1154 3106 lecta
1185 3069 1302 3114 sunt,
1337 3061 1450 3103 unde
1476 3066 1516 3101 et
1547 3071 1628 3100 sua
1662 3058 1814 3100 habuit
1846 3060 1900 3100 cl.
1932 3056 2029 3099 DC.

367 3150 411 3191 5.
456 3151 501 3193 S.
538 3148 874 3192 HLADNIKIANA
910 3152 1064 3206 (Host.
1097 3150 1189 3191 flor.
1224 3154 1356 3190 austr.
1381 3153 1417 3191 1.
1453 3163 1495 3203 p.
1525 3146 1645 3202 195.)
1668 3145 1806 3200 soliis
1836 3145 2028 3187 fascicu-

250 3206 395 3248 lorum
428 3208 643 3251 sterilium
676 3212 951 3266 caulinisque
983 3209 1148 3251 infimis
1180 3207 1387 3264 oblongis
1420 3205 1518 3247 basi
1547 3205 1782 3247 attenuatis
1805 3203 2027 3259 petiolatis

251 3265 459 3317 erenatis>
493 3267 691 3316 caulinis
721 3272 911 3326 lyr-atis,
944 3269 1047 3312 lobo
1079 3267 1317 3320 terminali
1345 3265 1557 3308 maximo
1587 3272 1729 3306 ovato
1759 3271 1902 3323 acuto
1933 3275 2028 3304 ser·
