2200 3525
189 167 290 216 648
857 152 1312 207 SALICINEAE.
1369 148 1384 165 ³
1790 171 1971 210 saux.

197 322 314 378 apud
341 318 592 376 anningh.
617 317 711 360 flor.
738 320 973 359 monaster.
1020 315 1145 358 Novo
1178 316 1353 358 nominc
1385 315 1499 358 hanc
1530 316 1720 372 speeiem
1752 317 1975 372 proposui,

199 396 331 435 quum
366 379 410 420 S.
448 378 741 420 acuminatam
776 375 956 418 Smithii
1002 389 1078 430 pro
1121 376 1380 417 mollissima
1422 376 1626 416 Elii-barti
1672 376 1887 416 haberem.
1921 398 1974 406 —-

198 443 237 482 A
273 439 319 479 S.
353 437 552 478 viminali
589 435 721 476 facilc
754 434 1047 489 distinguitur
1080 436 1190 487 pube
1222 435 1425 475 foliorum
1461 436 1681 484 tenuiore,
1716 434 1976 488 latescente,

197 511 359 550 opaca,
394 493 583 536 amentis
617 493 885 544 laxioribus,
921 493 1120 547 squamis
1154 494 1416 534 lutescenti-
1439 492 1720 546 ferrugineis,
1755 492 1859 546 pilis
1885 505 1977 532 sor-

199 554 301 595 dide
347 554 460 594 albis
505 551 784 606 longitudine
826 551 1079 607 stigmatum
1124 549 1367 592 bifidorum.
1454 551 1500 591 ln
1547 550 1591 591 S.
1627 550 1826 591 viminali
1869 550 1978 591 folia

199 614 354 653 subtus
380 610 707 662 albo-sericea,
741 622 950 665 squamae
985 610 1329 664 nigro-fuscae,
1366 609 1441 662 pili
1477 608 1671 665 argentei
1705 614 1833 660 sunt,
1867 609 1980 649 ultra

199 683 307 723 qnos
350 669 557 721 stigmata
601 668 848 721 fififormia,
884 667 1087 709 indivisa
1130 671 1220 707 tota
1267 666 1471 707 eminent.
1506 690 1558 696 —
1632 666 1679 707 S.
1719 667 1980 707 mollissima

200 729 289 768 Sin.
323 726 446 768 foliis
479 726 970 782 oblongo-lanceolatis
1006 731 1046 765 et
1080 726 1213 766 multo
1246 725 1497 774 latioribus,
1532 725 1706 779 stipulis
1741 732 1980 766 ovato-se·-

199 784 427 827 milunatis
462 790 502 825 et
535 784 730 839 capsulis
766 785 1045 840 pedicellatis
1078 790 1252 837 totoque
1284 783 1438 823 babitu
1471 783 1645 823 diversa
1678 788 1768 835 estg
1807 782 1853 824 S.
1877 783 1981 824 mol-

199 843 370 884 lissima
404 841 557 894 Ehrh„
593 843 664 884 hic
697 844 937 899 proposita,
972 842 1107 882 multo
1141 843 1322 897 propius
1358 840 1412 880 ad
1446 839 1493 881 S.
1527 841 1778 882 undulatam
1813 848 1854 882 et
1886 841 1982 895 hip-

196 901 522 957 pophaesoliam
550 901 733 955 accedit,
769 915 796 942 a
828 902 990 956 quibus
1017 913 1119 947 vero
1152 899 1295 940 differt
1327 898 1491 939 ovariis
1524 899 1760 940 sessilibus
1787 905 1828 940 et
1855 899 1978 940 foliis

137 985 141 990 .
197 962 356 1001 subtus
390 960 641 1001 evidentius
674 959 1053 1016 pubescentibus,
1087 958 1336 999 iunioribus
1368 959 1558 998 tenuiter
1589 957 1861 998 tomentosis.
1924 956 1981 998 G.

318 1046 385 1089 14.
420 1044 466 1087 S.
490 1058 740 1088 v1M1NAL1s
774 1046 854 1102 (L.
878 1060 943 1102 sp.
968 1044 1118 1101 1448.)
1155 1045 1356 1086 amentis
1385 1044 1628 1086 sessilibus
1661 1043 1757 1085 basi
1789 1045 1984 1086 bractea-

199 1103 288 1157 tis,
324 1105 520 1159 capsulis
556 1118 608 1145 ex
640 1111 771 1147 ovata
803 1106 899 1148 basi
933 1105 1193 1146 lanceolatis
1227 1104 1484 1144 tomentosis
1518 1102 1776 1155 sessilibuS,
1820 1112 1982 1144 necta-

199 1164 272 1217 rjo
303 1163 481 1204 ovar-iis·
513 1163 648 1205 basin
681 1172 967 1218 superante,
1014 1163 1132 1218 stylo
1164 1163 1399 1217 elongato,
1441 1162 1722 1216 stigmatibus
1765 1161 1983 1203 filiformi-

200 1222 283 1262 bus
318 1222 562 1274 indivisis,
611 1222 714 1277 pilis
760 1234 1042 1277 squamarum
1075 1221 1191 1275 stylo
1225 1220 1529 1271 brevioribus,
1568 1221 1705 1273 soliis
1746 1221 1986 1276 elongato-

201 1280 479 1322 lanceolatis
511 1280 775 1322 acuminatis
809 1278 1110 1336 integerrimis
1145 1278 1442 1332 subrepandis
1477 1278 1644 1319 subtus
1673 1276 1822 1320 nitide
1867 1279 1983 1320 seri-

203 1340 324 1390 ceis,
357 1339 547 1393 stipulis·
577 1338 1106 1381 lanceolam-linearibus
1135 1337 1311 1391 peciolo
1343 1336 1650 1378 brevioribus.
1673 1334 1732 1395 ’5.
1767 1336 1833 1378 Ad
1865 1336 1984 1393 ripas

201 1402 244 1437 et
275 1397 322 1439 in
355 1397 545 1439 dumetis
579 1397 787 1439 humidis.
847 1397 980 1439 Mart.
1013 1396 1154 1452 April.

321 1502 387 1543 15.
433 1499 479 1542 S.
512 1511 782 1542 s'rtpumms
817 1496 1003 1554 (Smith.
1038 1495 1137 1537 brit.
1166 1493 1319 1550 1069.)
1363 1495 1566 1538 amentis
1607 1493 1849 1538 sessilibus
1885 1493 1986 1538 basi

200 1558 471 1611 bracteatis,
521 1559 715 1615 capsulis
757 1572 810 1598 ex
841 1564 970 1597 ovata
1004 1554 1102 1596 basi
1135 1555 1395 1596 lanceolatis
1428 1555 1689 1596 tomentosis
1724 1554 1987 1595 brevissime

200 1618 505 1672 pedicellatiS,
559 1616 772 1659 nectario
829 1615 1006 1656 ovar-iis
1059 1613 1195 1654 basin
1246 1622 1531 1667 superante,
1588 1615 1703 1668 stylo
1759 1614 1984 1668 elongato,

203 1677 491 1731 stigmatibus
534 1675 817 1717 filiformibus
861 1672 1119 1724 indivisis„
1154 1671 1259 1726 pilis
1303 1685 1583 1726 squamarum
1627 1672 1789 1728 stigma
1830 1672 1987 1712 subae-

206 1737 473 1788 quantibus,
507 1736 645 1789 soliis
679 1730 1213 1786 elongato-lanceolam
1246 1731 1510 1772 acuminatis
1544 1729 1864 1786 integerrimis*
1887 1731 1990 1770 sub-

204 1795 414 1847 repandis
446 1795 614 1835 subtus
646 1792 907 1834 tomentosis
940 1790 1223 1844 sufficientis,
1264 1789 1453 1841 stipulis
1495 1803 1518 1830 e
1566 1789 1860 1830 semicordata
1892 1788 1990 1828 basi

205 1851 775 1893 lanceolata-attenuatis
812 1849 1039 1903 petiolum
1081 1848 1411 1903 aequantibus.
1453 1845 1512 1906 ’5.
1558 1847 1622 1888 Ad
1667 1848 1812 1902 ripas,
1858 1853 1900 1888 et
1942 1846 1991 1886 in

207 1909 397 1951 dumetis
444 1911 661 1960 humidis,
711 1910 781 1965 (in
819 1907 1094 1960 Unteriistr.;
1144 1906 1375 1948 Schlesien
1421 1919 1461 1946 u.
1498 1919 1535 1946 a.
1570 1906 1610 1946 d.
1646 1904 1767 1946 Insel
1802 1904 1992 1946 Norder—

207 1969 342 2023 ney.)
377 1969 508 2009 Mart.
529 1970 668 2023 April.
715 1968 760 2008 S.
783 1967 1012 2021 stipularis
1040 1965 1181 2006 Koch.
1209 1970 1439 2006 comment.
1472 1977 1514 2020 p.
1537 1966 1605 2009 29.
1641 1962 1756 2019 (non
1784 1962 1989 2019 Sering.)

209 2023 257 2065 S.
291 2026 528 2081 longifolia
559 2027 686 2067 Host.
721 2039 758 2066 a.
780 2029 819 2069 2.
853 2038 891 2078 p.
913 2023 1010 2067 645.
1055 2025 1205 2078 planta
1247 2023 1452 2064 feminea.
1488 2045 1540 2052 —
1616 2020 1755 2064 Salici
1790 2021 1992 2064 viminali

206 2085 435 2139 proxima,
488 2098 583 2125 cum
622 2082 668 2125 S.
706 2082 977 2138 ¹9„.i·andifolia
1009 2083 1172 2122 nullam
1205 2081 1542 2123 similitudinem
1587 2080 1744 2133 habet3
1790 2095 1815 2122 a
1855 2079 1994 2137 priori

207 2141 354 2182 differt
386 2143 576 2184 amentis
611 2142 744 2196 duplo
777 2147 818 2183 et
848 2139 1150 2181 crassioribus
1177 2145 1219 2180 et
1242 2140 1536 2195 longioribus,
1571 2139 1892 2190 villosioribus,
1926 2144 1993 2179 to-

207 2206 352 2241 mento
384 2201 428 2242 in
464 2201 627 2256 pagina
658 2200 863 2241 foliorum
898 2198 1108 2239 inferiore
1142 2197 1285 2238 minus
1329 2197 1565 2250 adm-esso,
1611 2197 1712 2238 hinc
1755 2211 1840 2238 non
1885 2196 1994 2237 adeo

208 2258 366 2312 nitido,
405 2260 604 2314 (novella
637 2258 744 2300 folia
769 2263 933 2298 tantum
962 2257 1260 2298 indumentum
1295 2255 1478 2296 nitidum
1508 2254 1712 2310 habent),
1748 2262 1788 2296 et
1814 2254 1995 2309 stipulis

192 2316 255 2369 Vin
288 2319 480 2359 surculis
513 2318 684 2372 vegetis
717 2330 740 2358 e
783 2315 879 2357 basi
927 2315 1218 2356 semicordata
1260 2314 1391 2370 longe
1425 2313 1688 2354 acuminatis
1722 2320 1763 2356 et
1796 2313 1995 2354 denticu-

208 2374 329 2429 latis,
363 2376 600 2431 praecipue
632 2375 728 2416 basi
758 2398 817 2406 —-
847 2388 873 2415 a
905 2379 1116 2428 sequente
1150 2371 1198 2416 S.
1232 2371 1482 2412 Smithiana
1515 2370 1660 2412 differt
1695 2372 1836 2414 forma
1868 2332 2057 2412 folio,

209 2447 303 2474 rum
342 2440 387 2475 ut
420 2434 584 2476 Salicis
616 2434 869 2487 viminalis,
919 2430 1085 2474 ovariis
1122 2430 1383 2474 brevissime
1414 2429 1690 2485 pedIcellatis
1725 2432 1794 2473 vel
1826 2428 1997 2473 sessili-

209 2491 318 2545 bus,
352 2498 393 2535 et
424 2492 601 2550 stipulis
632 2493 765 2536 rectis
800 2505 881 2534 nec
913 2489 1435 2533 semilunari-curvatis.
1909 2486 1967 2529 G.

327 2597 392 2640 16.
427 2595 473 2637 S.
499 2594 768 2638 SmtrmANA
803 2593 983 2652 (Willd.
1017 2607 1085 2636 en.
1119 2592 1163 2635 h.
1195 2592 1333 2634 berol.
1357 2594 1398 2637 2.
1429 2603 1474 2646 p.
1498 2587 1650 2644 1008.)
1685 2586 1872 2630 amentis
1903 2600 1996 2629 ses-

209 2653 368 2695 silibus
403 2656 503 2697 basi
538 2656 810 2706 bracteatis,
854 2653 1050 2710 capsulis
1095 2666 1147 2694 ex
1191 2657 1321 2693 ovata
1363 2651 1464 2691 basi
1496 2647 1755 2690 lanceolatis
1787 2652 1996 2687 tomento·

209 2713 272 2753 sis
306 2713 612 2767 pedicellatis,
652 2713 879 2768 pedicello
923 2711 1190 2754 nectarium
1223 2717 1486 2763 aequante,
1533 2707 1658 2761 stylo
1690 2703 1997 2759 stigmatibus

209 2770 445 2824 breviore,
493 2772 778 2829 stigmatibus
823 2770 1106 2812 filiformibus
1149 2782 1280 2823 saepe
1324 2765 1573 2822 bipartitis,
1604 2763 1754 2828 folii-5⁸.
1785 2762 1997 2828 oblongo-

210 2829 466 2871 lanceolatis
500 2830 820 2872 lanceolatisve
853 2828 1116 2872 acuminatis
1141 2823 1672 2868 undulato-subercnatis
1698 2825 1998 2862 minutiss1me

212 2886 492 2931 denticulatis
524 2889 694 2931 subtus
727 2888 1030 2941 tomentosis‚
1074 2893 1282 2928 tomento
1316 2883 1614 2935 subsericw,
1656 2878 1838 2933 stipulis
1880 2878 1998 2919 reni-

212 2946 690 2990 tbrmi-semicordatis
724 2938 1094 3004 acuminatisss'b.
1143 2944 1214 2986 Ad
1245 2944 1365 2998 ripas
1398 2947 1440 2984 et
1470 2941 1516 2983 in
1551 2939 1735 2992 sepibus
1768 2935 1996 2977 subhumi·

214 3002 313 3055 dis,
363 3004 490 3059 (sehr
531 3011 745 3048 zerstreut
775 3005 816 3048 d.
851 3006 894 3050 d.
930 3004 1069 3056 Geb.;
1114 3003 1173 3044 im
1210 3002 1387 3043 Glahn-
1418 3013 1460 3042 u.
1502 2995 1715 3041 Nahethal
1760 2994 1801 3036 d.
1841 2994 1999 3035 Rhein-

213 3061 357 3113 pfalz,
392 3062 606 3118 Bremen,
643 3064 901 3120 Hamburg,
937 3061 1139 3117 Schles.)
1175 3062 1305 3102 Mart.
1338 3058 1476 3114 April.
1525 3055 1572 3097 S.
1605 3054 1866 3095 mollissima
1901 3053 1995 3094 Sm.

214 3119 312 3159 brit.
336 3123 458 3164 1070.
521 3123 569 3164 S.
604 3122 852 3164 Smithiana
886 3121 1024 3163 Koch.
1065 3118 1364 3174 in‘Regensb.
1411 3117 1496 3156 bot.
1539 3119 1627 3169 ztg.
1657 3114 1697 3155 3.
1735 3116 1771 3154 1.
1818 3125 1859 3166 p.
1878 3112 1997 3164 276„

210 3177 474 3220 modificatio
517 3183 651 3222 ramis
697 3182 870 3222 intense
924 3178 1268 3225 rubro—fuscis3
1334 3173 1380 3215 S.
1415 3172 1676 3214 mollissima
1718 3170 1857 3212 Koch.
1892 3169 1918 3209 l.
1954 3182 1996 3209 c.

211 3234 390 3286 modifi,
438 3241 568 3280 ramis
611 3240 837 3282 testaceis.
868 3261 927 3271 —
987 3236 1222 3292 Specimen
1263 3232 1491 3276 suecicum
1528 3230 1692 3271 Salicis
1726 3227 1998 3269 lanceolatae

208 3292 353 3335 Fsie&
387 3308 485 3342 nov.
518 3296 589 3342 ed.
613 3301 653 3343 2.
683 3311 725 3353 p.
755 3300 856 3344 283.
888 3300 1023 3340 mant.
1053 3299 1089 3339 1.
1122 3308 1164 3352 p.
1190 3293 1261 3338 61.
1297 3291 1413 3349 (non
1446 3288 1638 3343 Smith.,
1672 3300 1754 3330 nec
1791 3283 1996 3343 Sering.)
