2200 3525
154 137 445 176 venomca.
753 104 1327 171 ANTIRRHINEAE.
1832 102 1930 150 527

284 281 379 316 Sect.
406 279 449 313 11.
496 277 985 312 Psenno-Lvsimcmum.
1031 275 1210 307 Racemus
1235 269 1451 311 terminalis,
1475 271 1512 301 et
1534 275 1643 309 saepe
1666 264 1791 307 plures
1811 271 1936 294 secun-

153 326 246 359 darii
272 326 457 358 laterales.
507 322 588 354 cor.
617 321 727 353 tubus
753 320 999 361 cylindricus,
1033 320 1209 350 diametro
1242 326 1308 348 suo
1342 312 1579 347 transversali
1605 311 1770 350 longior;
1802 307 1936 338 limbus

155 370 438 404 tubbilabiatus.
487 365 625 407 (Radix
649 362 855 406 perennis.)

279 457 344 497 12.
388 453 441 494 V.
478 463 648 494 spuma
683 449 760 504 (L.
797 463 864 504 sp.
894 447 989 504 13.)
1035 447 1157 489 foliis
1201 444 1413 502 oppositis
1457 442 1594 485 ternis
1629 437 1940 495 quaternisque

161 509 669 568 oblongo-lanceolatis
701 508 1017 548 lanceolatisve
1051 506 1190 546 acutis
1223 504 1482 558 simpliciter
1514 501 1583 541 vel
1617 497 1940 551 subduplicato-

154 572 364 619 serratis,
397 568 598 610 racemis
631 566 955 608 terminalibus
987 563 1346 617 subpaniculatis
1379 559 1600 615 elongatis
1633 554 1933 604 [axina-atis,

158 627 366 670 bracteis
398 627 558 667 lineari
578 651 592 657 -
612 626 871 667 lanceolatis
894 624 1174 677 pediccllnm
1199 620 1513 675 aequantibus·
1537 615 1936 668 brevioribusque,

160 685 344 740 capsula
374 684 647 726 subrotunda
679 685 950 737 emarginata
997 680 1186 737 turgida.
1233 676 1300 733 Zss..
1349 680 1401 719 ln
1447 674 1719 724 nemorosis,
1767 673 1940 723 (bis-her

160 744 279 786 bloss
311 757 384 784 um
418 744 550 784 Halle
583 743 627 783 in
662 742 878 795 Tliuring.
916 755 955 781 u.
989 753 1074 780 zw.
1112 738 1314 778 Verviers
1347 750 1388 776 u.
1422 734 1634 786 Limburg
1665 732 1721 772 im
1757 730 1866 771 Geb.
1901 729 1942 768 d.

163 802 233 844 Fl.
267 815 308 842 V.
343 800 476 857 Spa.)
520 801 608 842 Jul.
644 801 756 854 Aug.
812 799 866 838 D.
902 798 944 839 fl.
968 802 1002 840 1.
1038 811 1076 851 p.
1099 798 1198 839 303.
1263 795 1411 836 variat
1457 790 1683 847 pcdicellis
1728 791 1942 830 bracteam

171 861 471 914 aequantibus
505 865 545 900 et
579 859 709 913 duplo
742 857 927 911 triplove
961 856 1264 910 longioribus,
1308 852 1431 893 foliis
1473 849 1730 891 lanceolatis
1773 853 1813 887 et
1855 847 1944 887 sere.

164 918 404 973 ellipticis,
453 917 634 972 longius
669 922 709 956 et
741 915 920 956 brevius
966 913 1253 962 acuminatis,
1299 908 1534 950 serraturis
1578 907 1853 960 simplicibus
1901 908 1942 943 et

162 976 418 1031 duplicatis.
480 975 704 1016 Foliorum
739 985 853 1027 apex
893 972 991 1026 plus
1031 971 1233 1010 minusve
1274 967 1586 1023 integerrimus
1619 973 1710 1016 est,
1762 969 1802 1004 et
1845 964 1942 1002 bra-

161 1042 283 1077 cteae
329 1046 463 1090 saepe
507 1031 775 1088 pedicellos‚
832 1041 1056 1083 nunquam
1110 1033 1252 1069 autem
1294 1026 1470 1081 calyces
1511 1029 1715 1078 aequant.
1789 1019 1945 1062 Variat

159 1104 317 1149 porrot

279 1183 323 1210 α.
368 1162 656 1215 sehr-adm,
706 1160 815 1203 folia
857 1159 1103 1201 lanceolata
1143 1156 1325 1197 brevius
1371 1154 1648 1206 acuminata,
1698 1157 1946 1194 serraturae

164 1229 385 1271 remotae,
429 1221 507 1262 sed
551 1234 637 1262 non
671 1232 841 1275 semper
873 1217 1107 1271 aequales,
1158 1214 1362 1270 pedicelli
1397 1215 1650 1269 plerumque
1680 1210 1828 1266 longit
1890 1205 1946 1249 V.

162 1282 316 1337 spuria
359 1279 543 1322 Schrad.
589 1285 817 1320 comment.
866 1291 907 1332 p.
930 1276 1004 1319 36.
1050 1281 1080 1315 t.
1103 1278 1144 1318 2.
1190 1274 1220 1315 f.
1247 1272 1287 1316 4.
1350 1271 1405 1314 V.
1450 1269 1747 1326 amethystina
1792 1266 1946 1307 Willd.

164 1353 233 1381 en.
258 1344 291 1382 1.
329 1343 393 1384 17.
437 1338 604 1379 herbar.
630 1341 724 1382 171.
767 1336 906 1378 fol-1.
956 1333 1120 1385 (fol.2.
1166 1332 1411 1388 specimina
1455 1329 1715 1370 Pallasiana
1758 1326 1947 1367 medium

163 1403 315 1440 tenent
370 1397 484 1438 inter
529 1396 642 1438 hanc
687 1396 942 1436 varietatem
988 1397 1031 1434 et
1080 1404 1172 1434 var.
1216 1396 1408 1433 nostram
1443 1391 1512 1442 (Γ.)
1596 1387 1650 1433 V.
1694 1384 1950 1443 paniculata

161 1455 215 1497 L.
247 1470 312 1511 sp.
337 1457 403 1499 18.

283 1536 322 1586 β.
357 1528 609 1581 laxfflora,
656 1525 764 1568 folia
807 1525 1053 1566 lanceolata
1095 1523 1227 1579 longe
1271 1521 1548 1570 acuminata,
1598 1516 1835 1560 serraturis
1877 1528 1949 1569 ap-

164 1587 452 1642 proximatisx
500 1586 549 1627 V.
584 1586 784 1627 laxiflora
815 1584 913 1637 Lej.
947 1597 1038 1625 rev.
1071 1595 1115 1637 p.
1140 1584 1182 1624 4.
1245 1578 1301 1622 V.
1335 1579 1486 1636 spuria
1519 1577 1708 1634 Spreng.
1742 1575 1830 1616 hal.
1864 1577 1892 1615 t.
1912 1578 1949 1616 1.

163 1646 196 1688 f.
220 1650 282 1698 1.,
316 1645 553 1687 serraturis
585 1644 877 1699 simplicibus.

281 1735 325 1779 y.
350 1718 563 1771 foliosa,
614 1717 689 1758 fol.
729 1687 1218 1771 elliptieo-lanceolata
1251 1712 1509 1767 plerumque
1539 1705 1833 1763 inaequaliter
1864 1716 1952 1745 ser-

163 1781 286 1820 rata:
349 1775 402 1817 V.
437 1776 602 1817 foliosa
633 1775 744 1814 WK.
781 1781 808 1815 t.
836 1776 928 1817 102.
994 1772 1092 1826 Spr.
1135 1772 1221 1811 hal.
1267 1780 1294 1811 t.
1321 1775 1355 1812 1.
1403 1770 1433 1812 f.
1455 1773 1496 1812 2.
1558 1768 1610 1811 V.
1643 1766 1784 1807 nitida
1815 1762 1951 1803 Ehrh.

163 1837 222 1892 pl.
258 1835 340 1877 sel.
373 1835 479 1877 n-4.
541 1832 596 1874 V.
632 1832 866 1874 brevifolia
898 1831 999 1871 ΜΒ.
1036 1829 1244 1884 (specim.
1277 1841 1468 1884 superne
1505 1821 1836 1883 pubescentia.)

280 1911 325 1953 ὃ.
368 1906 688 1956 subeor-data,
749 1906 870 1947 foliis
915 1918 939 1945 e
980 1904 1076 1945 basi
1121 1908 1250 1943 ovata
1293 1907 1335 1941 et
1379 1899 1643 1942 subcordata
1686 1892 1951 1937 attenuatis:

163 1967 216 2008 V.
253 1966 406 2023 glabra
438 1965 570 2005 Eluh.
609 1965 666 2018 pl.
702 1965 785 2007 sel.
818 1978 861 2004 n.
889 1967 954 2006 11.
1020 1960 1203 2002 Schrad.
1239 1974 1394 2001 comm.
1429 1973 1470 2014 p.
1491 1958 1563 2000 25.
1599 1962 1628 1997 t.
1655 1955 1690 1998 1.
1724 1954 1756 1995 f.
1777 1951 1816 1995 4.
1867 1951 1953 1992 Oc·

164 2023 445 2126 gpggigtehsa‘ec
476 2022 667 2064 varietas
700 2022 824 2064 foliis
856 2020 1121 2077 simpliciter
1154 2023 1196 2060 et
1228 2014 1712 2073 duplicato-serratis,
1757 2017 1804 2053 ut
1836 2018 1956 2052 aute·

281 2154 500 2197 Veronica
533 2156 690 2210 arguta
723 2149 936 2201 Schrad.,
972 2163 1025 2192 ex
1060 2150 1185 2191 horto
1218 2147 1532 2204 Goettingensi
1565 2148 1772 2201 accepta,
1821 2141 1956 2184 omni-

164 2214 251 2255 bus
283 2214 486 2269 partibus
518 2212 574 2252 V.
609 2209 873 2264 longifoliae
907 2209 1136 2250 simillima
1167 2214 1258 2260 est,
1293 2221 1375 2249 nec
1406 2207 1576 2255 differt,
1613 2204 1702 2246 nisi
1735 2202 1860 2257 apice
1892 2202 1957 2242 fo-

164 2272 323 2313 liorum
357 2271 412 2313 ad
445 2271 782 2326 unguicularem
815 2267 1140 2321 longitudinem
1185 2268 1360 2309 circiter
1404 2263 1704 2321 integerrimo.
1765 2260 1836 2301 Ab
1871 2260 1955 2301 hac

162 2330 218 2370 V.
254 2328 568 2371 alternifoliam
603 2327 695 2379 Lej.
730 2327 862 2381 plana
895 2326 1131 2378 diversam,
1168 2338 1348 2379 eamque
1380 2323 1638 2378 progeniem
1670 2319 1723 2360 V.
1750 2319 1952 2373 spicatae

166 2401 298 2439 esse,
349 2388 456 2427 mihi
501 2399 761 2441 persuasum
804 2384 972 2425 liabeo:
1026 2398 1111 2438 qua
1144 2384 1196 2424 de
1231 2396 1369 2424 causa
1401 2382 1522 2421 illam
1556 2380 1671 2420 inter
1713 2379 1951 2418 varietates

161 2446 295 2487 huius
338 2458 435 2486 cum
479 2444 527 2485 V.
560 2443 773 2498 paludosa
815 2443 909 2494 Lej.
951 2443 1121 2495 refero,
1165 2455 1275 2495 quae
1319 2439 1534 2495 posterior
1577 2450 1674 2478 cum
1714 2435 1766 2476 V.
1801 2448 1955 2476 crenu-

164 2504 258 2545 lata
300 2502 491 2556 Hostia,
537 2503 692 2542 saltem
733 2515 828 2542 cum
863 2500 913 2541 V.
947 2501 1109 2541 villosa
1143 2499 1409 2549 Schradeii,
1455 2495 1608 2537 eadem
1652 2508 1750 2536 esse
1781 2493 1950 2547 nequit,

166 2562 370 2616 quamvis
405 2563 537 2602 etiam
573 2560 680 2600 haec
712 2560 866 2599 ultima
891 2571 913 2599 e
939 2557 987 2599 V.
1015 2559 1185 2612 spicata
1219 2559 1286 2597 vel
1321 2572 1343 2597 e
1377 2555 1563 2610 quadam
1590 2553 1785 2594 eiusdem
1815 2552 1954 2592 varic-

161 2625 252 2720 }aff
283 2626 421 2661 ortum
456 2619 643 2660 duxerit.
704 2615 836 2672 Nota,
870 2629 896 2658 a
926 2617 1088 2671 petalis
1115 2616 1353 2657 creuulatis
1386 2620 1428 2655 et
1459 2610 1762 2669 integerrimis
1795 2610 1953 2666 petita,

184 2691 207 2719 a
247 2679 462 2721 acissima
496 2683 573 2718 est.

287 2780 352 2824 13.
404 2778 456 2820 V.
490 2790 773 2819 ιοΝθιΡοωΑ
821 2776 901 2832 (L.
947 2790 1012 2831 sp.
1039 2774 1132 2829 13.)
1166 2774 1302 2829 soliis
1345 2771 1565 2829 oppositis
1606 2769 1744 2814 ternis
1785 2773 1956 2824 quater—

165 2837 294 2879 nisve
328 2851 379 2878 ex
413 2845 540 2878 ovata
574 2838 642 2877 vel
690 2835 868 2876 cordata
911 2834 1009 2875 basi
1054 2834 1312 2875 lanceolatis
1358 2831 1622 2873 acuminatis
1666 2829 1734 2870 ad
1773 2827 1957 2881 apicem

165 2910 314 2950 usque
348 2906 522 2951 argyuee
556 2893 1078 2947 duplicato-serralis,
1119 2891 1319 2933 rac-emis
1367 2888 1694 2930 terminalibus
1736 2886 1956 2940 elongatis

165 2955 498 3006 spiciformibus
535 2953 847 3004 clentis-simis,
881 2952 1071 2992 bracteis
1106 2949 1534 2991 lineari-subulatis
1567 2947 1762 2999 calycem
1796 2945 1954 2984 subae-

169 3013 424 3064 quantibus,
468 3013 653 3067 capsula
685 3011 953 3051 subrotunda
987 3009 1164 3062 turgida
1198 3008 1484 3058 emarginata.
1520 3003 1587 3060 ΖΙ..
1624 3004 1674 3044 ln
1708 3002 1846 3058 pratis
1881 3002 1957 3041 hu·

166 3069 328 3120 midis,
384 3070 438 3111 ad
485 3072 659 3122 fossas,
707 3071 841 3124 ripas.
903 3067 994 3109 Jul.
1029 3070 1147 3122 Aug,
1210 3067 1267 3106 D.
1315 3066 1353 3105 fl.
1382 3068 1416 3108 1.
1451 3066 1551 3107 505.
1617 3060 1798 3102 Schrad.
1843 3073 1957 3101 com-

162 3133 293 3167 ment.
327 3131 408 3169 t.2.
443 3129 473 3170 f.
501 3134 536 3171 1.
601 3128 751 3169 Variat
784 3127 907 3168 foliis
940 3127 1173 3167 latioribus
1206 3133 1247 3165 et
1278 3121 1633 3177 angustioribus,
1671 3118 1953 3160 brevioribus

167 3190 209 3225 et
254 3186 504 3239 elongatis,
558 3187 654 3227 basi
700 3186 917 3240 profunde
949 3185 1142 3227 cordatis
1187 3181 1464 3223 subcordatis
1507 3185 1549 3221 et
1591 3178 1759 3230 ovatis,
1806 3182 1954 3230 atque,

163 3241 264 3283 basi
299 3246 555 3302 praecipue,
590 3243 986 3287 inciso-serratis.
1042 3242 1202 3284 Forma
1232 3241 1310 3283 fol.
1344 3243 1532 3298 anguste
1562 3234 1825 3280 lanceolatis
1857 3233 1956 3277 basi
