2200 3525
155 169 337 210 viona-
825 152 1280 208 VIOLAROEAE.
1862 165 1927 212 85

270 320 312 361 9.
358 313 411 358 V.
443 324 615 358 camna
649 313 723 370 (L.
756 327 820 369 sp.
848 316 957 359 132ss
998 330 1050 358 ex
1092 319 1293 375 diagnosi
1336 321 1525 377 optima)
1570 321 1782 364 caulibus
1808 335 1920 376 pro-

156 374 478 418 cumbentibus
509 373 996 429 adscendentibusqae
1029 376 1196 428 glabris
1231 381 1298 420 vel
1343 380 1790 435 subpubescentibus,
1829 381 1920 434 fol.

155 450 180 475 e
211 434 314 475 basi
344 433 544 474 cordata
583 431 979 484 obloufJo-ovacis
1023 436 1307 477 acutiusculis
1352 439 1464 493 (non
1498 438 1812 493 acuminatis,)
1857 440 1922 479 in-

155 492 389 533 ferioribus
421 489 614 542 obtusis,
649 489 824 544 petiolis
857 490 1046 544 ameris,
1089 493 1276 545 stipulis
1309 497 1494 538 caulinis
1526 497 1816 539 intermediis
1847 497 1921 538 ob-

154 548 579 602 longo-lanceolatis
612 548 1052 590 fimbriato-serratis
1080 551 1254 602 pociolo
1282 554 1459 604 plui-ies
1491 556 1805 606 brevioribus,
1855 569 1923 596 se-

153 607 266 663 palis
321 606 746 647 ovato-lanceolatis
803 608 1239 659 attenuato-acutis,
1296 614 1475 664 capsula
1527 615 1922 656 truncato-obtusa

152 665 398 720 spiculata,
446 665 614 708 calcare
662 664 979 718 appendicibus
1024 666 1189 721 calycis
1233 667 1448 723 subduplo
1491 672 1700 727 longiore.
1745 670 1812 727 Q.
1870 672 1921 727 In

151 722 355 774 enectis,
399 722 509 763 locis
551 722 711 773 siccis,
761 722 813 762 ad
856 724 1080 778 sylvarum
1114 738 1225 765 oras.
1269 725 1380 770 Mai.
1414 727 1536 768 Juni.
1602 730 1652 776 V,
1688 731 1846 772 canina
1877 749 1919 775 α.

151 790 192 839 β.
227 799 271 839 γ.
314 780 372 820 Ι).
407 780 448 820 fl.
479 784 518 823 2.
552 782 635 824 262
681 795 720 821 u-
753 783 880 834 263„
944 781 993 822 V.
1027 783 1192 836 pumila
1237 791 1276 841 β.
1312 784 1564 825 ericetoium
1607 788 1700 829 DC.
1734 789 1846 843 prdr.
1884 793 1921 832 l.

148 841 248 884 299.
314 836 514 880 Varietas
549 840 707 891 major:
752 838 806 880 V.
841 840 999 881 canina
1031 843 1225 882 lucorum
1262 842 1497 886 lleichenb.
1533 844 1583 884 ic.
1617 847 1758 888 1:154.
1796 850 1916 902 155.;

149 897 351 939 Varietas
384 897 552 938 minor:
592 897 828 943 Reiclienb,
854 899 880 938 l.
910 911 949 938 c.
986 899 1057 954 fig.
1082 901 1329 952 loo-153„
1376 900 1423 940 V.
1447 901 1699 942 ericetoruin
1716 903 1915 957 Schrad„

149 955 201 998 V.
234 956 394 996 canina
425 973 468 1014 γ.
504 964 707 1012 montana
740 955 865 996 Fries
897 970 995 999 nov.
1029 956 1069 997 fl.
1104 971 1222 998 succ.
1258 957 1385 1000 ed.2.
1418 961 1516 1002 273.
1547 983 1604 989 —
1663 961 1813 1003 Flores
1850 977 1918 1004 sa-

150 1014 337 1056 turatius
381 1014 593 1064 violacei,
647 1015 816 1054 calcare
860 1015 959 1055 albo
1002 1015 1046 1055 in
1080 1015 1286 1056 lutealum
1330 1022 1554 1072 vergente.
1616 1017 1708 1060 Fol.
1750 1022 1919 1074 apicem

148 1086 303 1112 versus
334 1072 499 1112 sensim
532 1072 802 1127 angustiora,
837 1072 914 1113 sed
948 1074 1223 1126 marginibus
1256 1089 1406 1128 parum
1440 1081 1696 1128 extrorsum,
1731 1092 1816 1119 non
1848 1080 1915 1120 in-

148 1136 334 1176 trorsum
371 1130 588 1182 arcuatis,
626 1129 727 1171 hinc
761 1144 845 1171 non
880 1133 1142 1173 acuminata.
1178 1155 1236 1162 —
1297 1133 1348 1172 V.
1386 1132 1544 1188 Buppii
1580 1134 1815 1179 Reichenb.
1860 1138 1915 1179 ic.

146 1187 177 1230 f.
199 1189 299 1232 205.
332 1189 444 1240 206,
478 1190 531 1228 ob
565 1189 708 1230 calcar
740 1189 920 1245 longum
954 1190 1001 1231 V.
1035 1191 1220 1234 caninae
1253 1191 1514 1234 modificatio
1547 1191 1732 1235 videtur.

265 1306 332 1348 10.
364 1303 416 1345 V.
449 1317 680 1346 STAGNINA
712 1304 932 1361 (Kitaibel
966 1305 1010 1348 iu
1045 1305 1211 1350 Schult.
1246 1314 1373 1351 cestr.
1409 1310 1449 1351 fl.
1476 1313 1509 1353 1.
1543 1309 1671 1364 426.)
1710 1311 1922 1353 caulibus

147 1361 320 1406 erectis
351 1363 548 1419 glabris,
581 1364 672 1418 sol.
719 1378 742 1405 e
785 1366 987 1412 cordata
1029 1366 1133 1407 basi
1171 1367 1715 1422 oblougjo-lanceolatis,
1760 1370 1920 1424 petiolo

145 1435 336 1476 superne
367 1422 585 1475 subalato,
618 1422 796 1477 stipulis
828 1424 1020 1464 caulinis
1051 1426 1342 1468 intermediis
1375 1428 1632 1470 lanceolatis
1657 1428 1918 1470 acuminatis

145 1480 585 1538 fimbriato-serratis
614 1481 790 1534 peciolo
823 1481 1015 1522 dimidio
1045 1483 1361 1536 brevioribus,
1412 1487 1577 1541 sepalis
1621 1486 1788 1538 acutis,
1833 1488 1920 1528 cal-

145 1552 244 1583 care
276 1538 543 1599 appendices
575 1540 743 1594 calycis
777 1542 1088 1595 subaequantc.
1124 1540 1190 1597 ZJ..
1242 1543 1291 1584 In
1334 1545 1468 1585 fossis
1512 1551 1552 1586 et
1583 1545 1817 1600 paludibus
1849 1558 1920 1585 ae-

143 1603 256 1638 state
290 1596 539 1649 exsiccatis,
575 1597 629 1638 ad
664 1598 828 1638 rivulos
861 1606 901 1640 et
934 1599 979 1639 in
1013 1601 1149 1654 pratis
1184 1601 1420 1643 inundatis.
1455 1603 1566 1644 Mai.
1600 1602 1705 1644 Jun.
1739 1603 1794 1644 D.
1821 1602 1919 1647 fl.4.

142 1657 241 1699 265.
277 1654 400 1699 Roth.
434 1668 500 1697 en.
527 1660 561 1696 1.
595 1669 635 1710 p.
655 1656 752 1701 762.
813 1654 867 1696 V.
901 1657 1041 1698 lactea
1071 1657 1312 1705 Reiclienb.
1346 1660 1401 1713 ic.
1435 1665 1470 1704 1.
1504 1661 1533 1702 f.
1554 1663 1652 1704 208.
1701 1662 1809 1702 excl.
1842 1661 1915 1717 fig.

144 1726 181 1755 c.
212 1711 257 1758 d.
291 1726 330 1757 e.
364 1712 395 1754 f.
439 1712 490 1753 V.
516 1721 720 1754 montana
754 1713 986 1757 Reichenb.
1020 1717 1073 1758 ic.
1099 1722 1135 1767 1,
1170 1718 1204 1768 f.
1228 1721 1326 1763 207.
1370 1718 1421 1759 V.
1457 1720 1725 1774 persicisolia
1746 1719 1914 1768 Hartm,

144 1771 295 1812 scand.
329 1770 395 1812 ed.
414 1774 454 1815 2.
487 1775 618 1827 p.71.
682 1772 808 1813 Fries
842 1787 940 1814 nov.
974 1774 1043 1814 ed.
1079 1779 1117 1817 2.
1153 1778 1306 1830 p.274.
1333 1775 1610 1833 Scliweigg.
1643 1784 1683 1818 et
1715 1778 1835 1818 Kort.
1869 1778 1915 1823 ss.

142 1828 326 1886 Erlang.
357 1843 398 1885 p.
417 1831 486 1872 58.
547 1829 700 1871 Flores
733 1832 889 1882 lactei,
938 1838 978 1872 et
1012 1832 1119 1876 baec
1159 1833 1253 1874 sola
1285 1836 1456 1889 species
1487 1842 1552 1876 est
1585 1836 1625 1876 ss.
1660 1836 1812 1877 lacteis
1856 1836 1918 1876 di-

141 1889 318 1929 stincta.
378 1888 445 1928 Ab
478 1887 640 1944 Anglis
685 1901 790 1929 vero
836 1903 932 1942 cum
973 1888 1028 1930 V.
1073 1891 1302 1932 lancifolia
1344 1893 1487 1934 Tliore
1541 1894 1914 1938 confundebatur:

94 1969 97 1977 ι
142 1945 228 1987 duo
261 1945 464 2001 possideo
495 1945 738 2000 specimina
769 1945 823 1988 V.
857 1948 1040 2003 lacteae,
1073 1962 1097 1989 a
1131 1948 1195 1990 Cl.
1229 1949 1428 1993 Turnero
1460 1951 1513 1992 ad
1549 1953 1588 1996 b.
1625 1951 1913 1993 Mcitcnsium

143 2005 309 2056 missa,
343 2017 481 2059 quae,
531 2003 644 2045 sicut
674 2005 773 2055 icon
805 2005 849 2046 in
885 2005 1013 2063 Engl.
1049 2006 1136 2049 bot.
1171 2014 1198 2048 t.
1220 2008 1329 2061 445,
1380 2023 1432 2050 ex
1475 2024 1569 2050 mea
1602 2010 1819 2051 sententia
1861 2011 1916 2051 ad

141 2062 195 2103 V.
228 2062 497 2104 lancifoliam
529 2063 774 2118 pertinent,
821 2077 932 2118 quae
975 2079 1079 2116 vero
1111 2065 1291 2108 floribus
1326 2067 1462 2117 dilute
1495 2068 1709 2109 caeruleis
1742 2067 1916 2124 gaudet.

139 2120 266 2168 Haec
295 2120 340 2161 in
375 2119 613 2162 Germania
663 2128 704 2162 et
747 2122 952 2164 Helvetia
990 2123 1182 2165 nondum
1227 2131 1396 2179 reperta
1440 2132 1531 2179 est,
1577 2126 1629 2167 de
1677 2127 1919 2181 specimine

141 2179 369 2222 fructifero
409 2178 553 2232 enim,
601 2179 703 2226 olim
747 2193 774 2222 a
806 2180 871 2222 Cl.
907 2180 1165 2223 Wallrothio
1207 2183 1549 2236 communicatu,
1596 2198 1713 2227 nunc
1757 2186 1917 2226 dubius

138 2237 312 2279 haereo.
374 2237 542 2278 Nomen
576 2237 626 2278 V.
659 2239 921 2295 stagninae,
966 2240 1167 2282 omnibus
1213 2255 1330 2283 nunc
1374 2244 1483 2283 satis
1519 2248 1695 2296 notum,
1739 2243 1917 2293 retinui,

139 2296 319 2337 nomina
349 2293 403 2337 V.
437 2296 604 2337 lacteae
636 2302 677 2337 et
708 2297 1072 2356 persicacfoliae‚
1098 2298 1244 2343 “toties
1277 2300 1488 2356 confusa,
1528 2301 1704 2359 penitus
1737 2315 1916 2358 repono,

137 2367 196 2397 nc
227 2367 342 2398 nova
372 2353 537 2404 oriatur
566 2354 782 2398 confusio.

208 2475 216 2483 '
259 2475 325 2516 11.
367 2471 419 2514 V.
455 2473 616 2515 Rurm
660 2473 770 2530 (All.
806 2476 903 2532 ped.
943 2476 1137 2534 n.1646.
1170 2481 1199 2519 t.
1219 2479 1310 2533 26.)
1360 2478 1574 2520 caulibus
1613 2476 1779 2518 erectis
1821 2476 1914 2531 gla-

135 2529 258 2582 bris,
281 2531 372 2585 fol.
406 2533 805 2589 cordato-ovam·
837 2536 993 2577 antica
1023 2536 1719 2591 subacuminaco-unquamne,
1752 2534 1914 2588 petiolo

137 2603 329 2645 superne
361 2590 492 2641 alato,
526 2591 716 2644 stipulis
747 2595 937 2635 caulinis
962 2595 1431 2649 oblongo—lanceolatis
1454 2595 1655 2636 foliaceis
1681 2592 1913 2633 fimbriato-

138 2647 346 2701 dentatis,
391 2649 683 2691 intermediis
711 2651 885 2704 petiolo
918 2653 1059 2706 duplo
1092 2653 1409 2706 brevioribus,
1452 2652 1772 2706 superioribus
1806 2664 1913 2691 eun-

139 2705 246 2751 dem
277 2707 619 2763 aequantibus,
670 2710 836 2764 sepalis
882 2711 1049 2762 acutis,
1094 2711 1264 2752 calcare
1306 2713 1551 2766 sepalorum
1596 2708 1913 2764 appendicibus
1964 2704 1973 2722 ‘

137 2764 269 2818 paulo
302 2765 512 2820 longiore.
541 2763 611 2819 ZJ..
650 2767 699 2806 ln
735 2769 993 2820 nemorosis,
1029 2767 1205 2825 [bisher
1228 2770 1345 2810 bloss
1373 2771 1430 2810 im
1458 2766 1913 2809 BicderitzerBusche

137 2821 212 2862 bei
227 2821 521 2879 Magdeburg,
536 2824 734 2881 Kritzing
749 2825 785 2877 l]
804 2826 912 2867 Mai.
928 2827 1029 2868 Jun.
1063 2824 1118 2868 V.
1137 2828 1371 2877 nemoralis
1389 2829 1516 2869 hutz.
1535 2826 1710 2866 linnaca
1727 2829 1763 2868 7.
1785 2838 1825 2878 p.
1840 2826 1911 2867 43.

137 2880 254 2922 conf.
297 2894 466 2936 quoque
491 2877 637 2923 Kritz.
684 2884 767 2925 bot.
813 2890 903 2942 ztg.
938 2889 1003 2930 17.
1042 2888 1076 2928 1.
1108 2887 1209 2929 305.
1273 2885 1326 2934 V,
1360 2888 1510 2927 stricta
1552 2884 1756 2923 Hornem.
1791 2881 1834 2925 ss.
1866 2881 1911 2924 d.

136 2943 168 2979 t.
193 2941 288 2981 812.
350 2939 504 2981 Flores
537 2941 684 2997 magni
717 2941 1145 2987 lilacino-caerulei.
1206 2943 1347 2985 Foliis
1390 2943 1443 2984 ad
1474 2939 1529 2982 V.
1561 2940 1789 2993 caninam,
1837 2940 1915 2983 sti-

135 2996 254 3050 pulis
287 2996 487 3038 foliaceis
520 3012 621 3040 vero
654 2999 708 3042 ad
736 3000 1052 3056 V.stagniuam
1085 3003 1228 3059 magis
1263 3001 1446 3051 accedit,
1482 3000 1736 3061 plerumque
1768 3004 1915 3040 tamen

135 3054 333 3108 utrisque
366 3057 582 3097 robustior
625 3063 703 3098 est.
776 3058 936 3101 Differt
978 3060 1032 3101 ab
1076 3059 1156 3100 illa
1196 3059 1371 3114 petiolis
1416 3058 1617 3098 foliorum
1663 3056 1808 3099 antice
1850 3056 1916 3098 di-

136 3111 295 3152 stincte
338 3114 492 3165 alatis,
538 3116 715 3168 stipulis
748 3117 939 3158 caulinis
971 3117 1129 3158 mediis
1172 3124 1214 3159 et
1255 3116 1556 3170 superioribus
1601 3114 1801 3170 magnis,
1844 3115 1910 3156 fo-

137 3168 322 3220 liaceis,
384 3170 656 3213 intermediis
725 3175 931 3229 petiolum
994 3174 1223 3217 dimidium
1249 3203 1261 3224 ‚
1323 3172 1627 3226 superioribus
1690 3171 1912 3229 integrum

138 3227 452 3279 aequantibus,
514 3231 685 3272 calcare
745 3233 864 3273 brevi
928 3233 1090 3282 viridi,
1154 3245 1234 3273 nec
1292 3230 1440 3271 albido
1464 3255 1479 3262 -
1504 3230 1694 3282 luteola,
1757 3243 1913 3285 capsu-

137 3281 206 3326 lae
260 3285 533 3343 marginibus
589 3289 837 3345 applanatis
885 3291 1117 3349 superficie
1168 3289 1442 3345 aeqttalibu8‚
1501 3301 1585 3331 nec
1637 3287 1915 3345 prominulis.
