2200 3525
733 145 1344 201 PAPILIONACEAE·
1841 151 1938 200 191

143 314 369 371 specimen
413 313 468 356 ab
516 312 614 368 ipso
658 313 850 352 auctore.
928 308 984 350 H.
1029 310 1367 364 angustifolium
1410 309 1564 353 Thom.
1611 323 1701 354 exs.
1739 334 1799 343 --
1868 310 1939 353 Au

140 375 334 416 varietas
369 371 420 414 Ο.
455 371 627 412 sativae
659 369 746 421 sit,
780 369 825 408 in
859 367 956 408 loco
988 371 1126 408 natali
1158 369 1342 410 ulterius
1376 369 1686 425 inquirendum
1720 375 1803 412 est.

256 433 323 473 Ab
357 428 616 484 Onobrycbi
649 426 853 468 arenaria
887 424 1122 466 differunt:
1162 431 1197 468 1.
1254 430 1306 469 O.
1335 429 1530 483 gyracilis
1561 428 1748 470 Besser!
1783 442 1850 470 en.
1877 429 1939 483 pl.

137 489 258 532 volh.
293 503 334 544 p.
361 489 442 540 74,
477 485 777 544 leguminibus
812 484 1055 538 quadruplo
1088 483 1346 537 minoribus,
1382 488 1528 528 areola
1561 489 1690 530 unica
1722 489 1768 530 in
1793 489 1940 530 medio

140 547 314 590 reticuli
349 547 565 597 maxima,
602 551 643 586 et
675 545 859 598 reliquis
893 543 1010 584 circa
1043 542 1154 583 hanc
1187 545 1313 597 quasi
1349 546 1636 588 radiantibus.
1699 550 1739 591 2.
1779 549 1834 592 O.
1857 561 1938 588 su-

132 607 250 661 pina
283 604 380 646 DC.
415 604 456 645 fl.
503 604 557 645 fr.
579 606 618 646 5.
666 617 707 658 p.
730 604 862 655 612,
923 600 1204 656 Hedysarum
1251 603 1458 656 supinum
1495 605 1595 645 Vill.
1646 605 1789 660 delph.
1822 607 1862 647 3.
1901 610 1938 648 1.

134 665 248 716 394,
284 664 488 705 caulibus
522 662 786 718 prostratis,
823 660 956 700 multo
993 659 1328 711 humilioribus,
1376 661 1525 701 carina
1557 665 1720 705 vexillo
1754 664 1941 706 dimidio

135 723 364 774 breviore,
410 722 557 777 spinis
590 721 867 777 leguminum
901 720 1108 759 omnibus
1153 718 1403 770 subulatiS,
1452 720 1726 763 latitudinem
1760 723 1941 764 carinae

136 780 464 836 superantibus.
527 781 568 823 3.
609 785 660 820 (J.
696 779 924 819 saxatilis
957 775 1052 822 DC.
1090 776 1235 832 prodr.
1256 778 1295 820 2.
1332 790 1371 832 p.
1390 775 1487 834 345.
1524 779 1767 833 (Anioniw
1809 781 1940 824 cuius

141 841 240 881 icon
286 840 442 880 saltem
475 852 561 879 non
596 838 759 893 optima
792 836 1019 888 dicenda,)
1053 836 1335 889 Hedysarum
1369 835 1558 876 saxatile
1591 835 1694 878 Vin.
1732 840 1874 895 delph.
1893 841 1938 884 3.

138 912 184 954 p.
209 899 338 950 393„
385 898 510 939 caule
545 896 699 950 brevi,
742 895 827 935 alis
862 896 1012 950 calyce
1044 894 1354 951 longioribus,
1400 900 1441 935 et
1485 894 1788 950 leguminibus
1823 899 1939 940 iner-

137 957 296 998 mibus.
331 980 389 986 --
455 958 506 996 O.
538 963 755 1009 petraea,
788 955 956 1003 Desw,
1005 953 1283 1006 Hedysarum
1318 958 1541 1007 petraeum
1575 953 1791 997 Bieberst.
1825 963 1939 1002 taur.

138 1028 261 1056 cauo.
289 1020 322 1058 1.
362 1016 459 1065 180,
495 1015 589 1055 alas
622 1014 775 1068 calyce
807 1012 1034 1068 longiores
1068 1025 1241 1065 quoque
1273 1012 1468 1066 exhibet,
1501 1011 1580 1053 sed
1611 1011 1763 1068 planta
1795 1021 1942 1058 erecta

138 1079 204 1116 est
236 1079 277 1115 et
311 1073 481 1114 fructus
513 1071 688 1129 spinosi
719 1074 849 1122 sunt,
884 1075 931 1112 ut
962 1070 1009 1112 in
1043 1068 1095 1111 Ο.
1128 1070 1291 1115 sativa.

251 1188 374 1230 Trib.
410 1187 500 1230 ΙΙΙ.
566 1186 870 1229 VICIEAE.
929 1186 1094 1229 Bronn.
1130 1186 1238 1229 diss.
1273 1201 1314 1243 p.
1335 1189 1430 1231 133.
1463 1185 1560 1231 Dc.
1593 1188 1740 1245 prodr.
1760 1192 1805 1232 2.
1839 1191 1939 1235 353.

139 1247 366 1305 Legumen
400 1247 674 1288 uniloculare
708 1247 777 1287 vel
811 1246 948 1301 septis
983 1245 1255 1288 transversis
1290 1247 1496 1288 mollibus
1530 1257 1571 1290 et
1607 1261 1629 1288 e
1672 1249 1760 1289 tela
1802 1249 1939 1290 cellu-

135 1308 234 1349 losa
278 1307 378 1348 laxa
421 1318 633 1361 spumosa
673 1305 888 1347 confectis
944 1304 1149 1346 divisum.
1227 1305 1522 1359 Cotyledones
1575 1320 1778 1359 crassae,
1836 1307 1943 1348 fari-

138 1378 300 1417 nosae,
347 1379 425 1420 per
457 1365 822 1421 germinationem
857 1364 1111 1405 immutatae
1143 1365 1225 1406 sub
1268 1369 1384 1406 terra
1426 1371 1720 1407 remanentes.
1795 1365 1940 1418 Folia,

138 1429 319 1479 excepto
365 1423 547 1476 Cicere,
595 1424 777 1478 abrupte
823 1424 1032 1477 pinnata,
1078 1424 1241 1478 petiolo
1284 1424 1504 1464 communi
1547 1425 1592 1465 in
1636 1424 1825 1466 setulam
1868 1424 1941 1468 vel

136 1482 329 1526 cirrhum
363 1482 625 1532 terminato3
660 1481 875 1523 radicalia
908 1481 1061 1533 nulla,
1096 1482 1165 1523 vel
1198 1481 1253 1523 ad
1287 1495 1496 1537 squamas
1529 1483 1722 1525 reducta.

251 1586 325 1628 30.
379 1582 558 1625 CICER
592 1583 666 1631 (L.
705 1596 802 1638 gen.
837 1596 879 1624 n.
906 1582 1062 1639 1189.)
1099 1582 1191 1625 Cal.
1227 1583 1568 1638 quinquefidus,
1615 1584 1797 1627 laciniis
1840 1598 1942 1628 acu-

136 1643 343 1695 minatis,
390 1643 487 1685 2-4
520 1641 827 1696 superioribus
860 1642 1024 1683 vexillo
1060 1643 1434 1684 incumbentibus.
1498 1642 1637 1690 Stam.
1673 1645 1940 1700 diadelpha3
1991 1690 1993 1693 .

138 1701 363 1743 filamenta
396 1702 522 1756 apice
554 1701 752 1742 dilatata.
817 1699 974 1755 Stylus
1008 1702 1176 1757 glaber.
1236 1701 1465 1757 Legumen
1499 1703 1696 1744 inflatum
1730 1706 1941 1745 membra-

138 1774 351 1815 naceum,
387 1765 408 1804 1.
442 1760 661 1813 Ioculare,
696 1759 898 1812 bivalve,
934 1758 1217 1815 dispermum.
1282 1759 1405 1802 Sem.
1441 1762 1943 1821 angulato-corrugata

137 1819 405 1861 acuminata.

258 1895 292 1934 1.
327 1889 373 1933 C.
402 1902 669 1931 ARIETINUM
703 1889 770 1942 (L.
799 1904 863 1944 sp.
888 1889 1034 1943 1040.)
1069 1890 1144 1931 fol.
1179 1890 1387 1932 omnibus
1421 1890 1839 1948 impari-pinnatis,
1873 1894 1940 1935 fo-

138 1950 259 1992 liolis
303 1950 521 1991 ovalibus.
571 1947 645 2006 Θ.
696 1947 868 1989 Colitur
917 1949 961 1989 in
1011 1950 1255 2004 provinciis
1302 1950 1642 1992 australioribus
1687 1952 1944 2008 ibidemque

135 2009 250 2050 inter
294 2015 470 2066 segetes
518 2007 719 2048 occurrit.
783 2007 887 2048 Jun.
923 2007 1015 2052 Jul.
1073 2008 1189 2052 Dod.
1228 2015 1388 2064 perupt.
1434 2023 1473 2064 p.
1506 2010 1602 2053 525.
1650 2010 1682 2051 f.
1707 2012 1829 2054 1.-
1889 2011 1940 2053 C.

133 2066 356 2167 {7¹35deae
410 2072 450 2108 et
507 2067 738 2117 sativum,
811 2079 924 2120 quae
986 2065 1051 2108 Cl.
1097 2065 1341 2109 Reiclienb.
1409 2068 1682 2127 distinguit,
1726 2070 1942 2171 cnffltfflm

249 2229 319 2270 31.
357 2208 522 2269 vl'CIA
557 2225 625 2280 (L.
663 2240 760 2284 gen.
795 2229 980 2282 n.873.)
1017 2227 1111 2270 Cal.
1138 2230 1174 2272 *5
1207 2228 1320 2270 fidus
1354 2234 1427 2271 aut
1460 2232 1486 2273 5
1519 2230 1736 2272 dentatus.
1801 2229 1941 2273 Stam.

135 2285 399 2341 diadelpha3
454 2286 677 2326 filamenta
724 2287 946 2330 subulata.
1021 2286 1178 2342 Stylus
1218 2288 1466 2341 filiformis,
1512 2303 1703 2344 superne
1746 2289 1943 2344 undique

135 2346 306 2398 pilosus
340 2346 410 2385 vel
447 2345 584 2385 latere
619 2344 860 2397 inferiore,
896 2351 1076 2387 suturae
1109 2347 1310 2388 inferiori
1344 2348 1662 2402 respondente,
1708 2348 1939 2401 barbatus,

136 2409 177 2444 et
210 2403 340 2443 simul
374 2404 530 2458 glaber
564 2403 805 2456 pilosusve.
868 2402 1099 2461 Legumeu
1134 2406 1341 2461 bivalve‚
1388 2411 1408 2449 1
1444 2407 1663 2459 Ioculare,
1715 2407 1937 2461 di-poly-

137 2475 373 2515 spermum.
440 2462 591 2501 Hilum
626 2461 810 2501 seminis
843 2465 971 2504 ovale
1005 2464 1073 2505 vel
1107 2465 1302 2516 lineare,
1352 2470 1454 2506 ante
1485 2466 1776 2508 maturitatem
1810 2464 1939 2507 arillo

137 2519 351 2561 conformi
386 2526 559 2562 tectum.
595 2519 716 2574 (Fol.
751 2521 1183 2579 impari-pinnata.)

266 2604 364 2638 Sect.
387 2606 412 2637 l.
461 2605 668 2637 Envmim.
719 2603 847 2648 Stylus
872 2618 1033 2650 superne
1060 2609 1223 2652 undique
1248 2610 1452 2653 aequaliter
1475 2610 1634 2654 pilosus.

312 2677 338 2719 §.
370 2679 399 2709 1.
446 2677 654 2710 Pedunculi
681 2679 842 2721 elongati
867 2681 1070 2722 paucissori.

255 2753 292 2794 1.
329 2750 380 2791 V.
415 2764 639 2804 mesum-A,
685 2753 968 2805 pedunculis
1002 2755 1272 2808 2-6floris
1294 2755 1470 2810 solium
1514 2754 1940 2810 subaequantibus,

128 2808 265 2861 soliis·
298 2810 605 2863 superioribus
640 2811 784 2851 cirrbo
819 2812 1066 2853 terminatis
1098 2814 1431 2869 subsexjuqis,
1477 2814 1644 2854 foliolis
1690 2814 1937 2854 linearibus

137 2867 307 2907 obtusis
342 2868 588 2919 retusisve,
624 2869 804 2924 stipulis
841 2870 1099 2911 lanceolatis
1133 2873 1424 2913 inferioribus
1459 2872 1792 2926 semiliastatis‚
1835 2872 1939 2912 den-

140 2925 258 2965 tibus
305 2926 471 2981 calycis
517 2928 666 2967 tubum
715 2942 841 2968 suum
888 2930 1209 2983 aequantibus,
1257 2931 1568 2986 leguminibus
1615 2931 1828 2985 oblonyis
1871 2930 1939 2972 di-

138 2984 338 3034 sper-mis·
378 2985 759 3037 pubescentibus.
804 2984 877 3044 Θ.
931 2988 980 3028 ln
1027 2989 1178 3045 agris,
1229 2989 1396 3043 hortis,
1448 2991 1501 3030 ad
1544 2989 1663 3041 ripas
1707 3002 1937 3030 arenosas.

136 3042 238 3081 Jun.
271 3040 360 3081 Jul.
427 3043 589 3084 Ervum
624 3045 840 3086 hirsutum
886 3045 939 3086 L.
987 3061 1051 3103 sp.
1081 3049 1205 3092 1039.
1271 3048 1339 3094 St.
1382 3049 1513 3092 11.32.
1577 3047 1733 3089 Flores
1766 3048 1938 3090 albido-

137 3101 515 3147 caerulescentes.

252 3175 296 3214 2.
332 3173 383 3215 V.
417 3188 779 3228 TETRASPERMA,
823 3178 1107 3231 pedunculis
1148 3180 1363 3232 τινι-’βατίς
1395 3179 1584 3220 muticis
1607 3179 1742 3234 soliis
1773 3180 1940 3221 subae-

139 3231 426 3286 quaule'bus,
475 3233 597 3276 foliis
642 3235 945 3288 superioribus
989 3238 1133 3278 ciri-ho
1167 3238 1412 3278 terminatis
1445 3239 1542 3280 3-4
1569 3234 1735 3295 jugisj
1763 3239 1937 3280 foliolis

135 3290 379 3332 linearibus
417 3291 615 3348 obtusis,
660 3294 840 3350 stipulis
883 3296 1211 3348 semihastatis,
1257 3296 1465 3339 dentibus
1509 3297 1677 3356 calycis
1710 3298 1813 3340 tubo
1854 3310 1937 3339 suo
