2200 3525
223 132 322 179 536
829 120 1393 176 OROBANOHEAE.
1662 139 1883 177 onoma
1894 120 2024 180 ang

231 287 402 344 periore
434 285 612 338 bilobo,
657 285 775 328 Iobis
802 284 1107 341 patentibus,
1155 285 1264 327 labii
1302 283 1529 327 inferioris
1562 285 1706 328 ovatis
1739 286 2021 342 subaequali—

233 352 342 396 bus,
377 344 637 386 lateralibus
669 346 952 398 patentibuS,
996 344 1280 385 staminibus
1312 344 1357 385 in
1391 349 1630 386 curvatura
1660 345 1850 386 corollae
1881 347 2023 388 inser-

234 406 291 447 tis
324 417 348 444 a
379 403 474 442 basi
509 402 562 443 ad
597 403 787 444 medium
823 404 964 445 dense
991 403 1185 456 pilosis,
1237 404 1460 458 stigmatis
1505 402 1626 444 disco
1667 403 1864 444 velutino
1908 417 2043 446 mar--

234 465 339 516 gine
374 463 543 501 elevato
576 461 802 519 destituto.
837 459 904 515 ΖΙ..
941 461 990 502 ln
1026 462 1147 515 agris
1182 466 1223 500 et.
1255 462 1464 514 pascuis,
1513 461 1558 502 in
1602 460 1748 502 radice
1781 461 2026 519 Medicagi-

234 521 304 561 nis
338 519 535 563 falcatae
560 524 601 560 et
647 520 821 561 sativae
863 519 1116 575 parasitica.
1178 518 1290 563 Mai.
1324 519 1426 559 Jun.
1488 519 1543 560 D.
1587 520 1629 560 fl.
1648 519 1688 562 4.
1733 533 1774 574 p.
1801 521 1899 564 449.
1966 519 2023 566 Ο.

236 579 391 618 elatior
424 577 562 618 Koch.
599 585 640 619 et
672 578 767 618 Ziz.
803 587 887 619 cat.
933 578 991 633 pl.
1042 578 1126 631 pal.
1171 590 1212 631 p.
1242 579 1306 619 12.
1371 577 1612 621 Reichenb.
1646 578 1698 619 ic.
1732 578 1763 622 f.
1788 580 1886 621 901.
1919 580 2026 624 9024

236 636 292 676 0.
318 635 620 693 Medicaginis
654 635 852 678 Schultz.
887 636 931 677 in
967 636 1115 676 annal.
1152 634 1190 674 d.
1229 636 1430 687 regensbt
1468 637 1552 676 bot.
1586 649 1681 692 ges.
1704 640 1743 678 5.
1771 638 1869 680 505.
1924 637 2023 678 Cor.
2078 629 2079 633 ¹

234 696 398 738 9-1011
431 695 593 750 longa,
628 695 864 746 tubulosa,
900 695 1001 734 tubo
1035 707 1168 747 supra
1202 694 1327 733 basin
1363 695 1605 748 conspicue
1636 700 1840 748 curvato,
1894 695 2024 737 dos-so

236 759 354 794 recto
389 753 457 793 vel
491 753 829 808 subimpresso,
863 753 983 794 labio
1017 753 1247 807 superiore
1279 752 1518 803 insigniter
1552 752 1723 806 galeato
1756 759 1797 793 et
1829 759 2025 805 curvato,

236 812 451 867 apiceque
496 811 625 865 paulo
668 825 842 854 sursum
890 817 1070 853 curvato
1114 810 1223 852 haec
1265 811 1437 865 species
1483 810 1774 867 dignoscitur.
1837 811 2027 867 Sliq-ma

237 871 393 911 cer-ino
409 871 634 924 -flcivum,

358 943 424 987 10.
459 941 514 983 Ο.
551 955 774 984 LochTA
809 941 1076 996 (Reichenb.
1110 942 1155 983 fl.
1192 956 1282 984 exc.
1316 956 1356 997 p.
1377 943 1475 985 355.
1493 945 1521 993 ,¹
1547 940 1657 983 excl.
1691 954 1939 996 synonymo
1971 940 2025 983 0.

238 1001 378 1042 flavae
411 1006 452 1043 et
484 1002 597 1042 locis
630 1003 762 1043 natal.
800 1003 1111 1057 germanicis.)
1156 1002 1329 1055 sepulis
1360 1003 1465 1042 3-5
1497 999 1654 1042 nervis
1687 1000 1930 1053 bipartitis
1961 1005 2027 1042 tu-

238 1061 339 1100 bum
387 1061 579 1101 corollae
621 1062 949 1115 aequantibus,
995 1060 1170 1101 corolla
1213 1060 1429 1101 tubuloso
1454 1084 1467 1090 —
1498 1059 1839 1113 campanulum
1884 1059 2027 1100 dorso

238 1127 370 1160 recta
405 1119 529 1174 apice
564 1124 809 1160 antron-snm
844 1125 1052 1169 curvata,
1087 1120 1220 1160 labiis
1255 1122 1409 1159 obtuse
1441 1117 1751 1169 denticulatis,
1798 1117 2028 1172 superiore

240 1179 404 1230 bilobo‚
440 1178 553 1219 lobis
590 1178 861 1232 patentibus,
895 1177 1178 1218 staminibus
1211 1177 1297 1219 sub
1329 1176 1481 1217 medio
1506 1176 1607 1217 tubi
1632 1176 1823 1217 insertis
1856 1175 2028 1231 glabris

240 1236 340 1277 basi
369 1249 517 1290 parce
546 1236 739 1289 pilosis,
785 1236 1067 1292 stigmatibus
1101 1236 1222 1277 disco
1246 1266 1254 1276 .
1278 1266 1287 1276 .
1309 1266 1319 1277 .
1339 1265 1349 1276 .
1381 1231 1449 1290 ZL.
1487 1235 1537 1275 In
1573 1235 1792 1275 montanis
1825 1234 2025 1286 incultis,

239 1297 285 1336 iu
331 1295 485 1335 radice
521 1294 785 1336 Artemisiae
833 1295 1091 1349 campestris
1135 1294 1404 1349 parasitica,
1464 1293 1569 1347 (uf
1606 1293 1650 1333 d.
1684 1292 2030 1348 VVesterbergen

238 1352 310 1394 bei
346 1353 673 1394 Aschersleben
719 1367 758 1394 u.
803 1354 873 1394 bei
906 1352 1284 1394 Frankenhausen
1327 1353 1373 1392 in
1405 1350 1687 1406 Thuringen3
1734 1351 1872 1391 selten
1916 1351 2028 1391 auch

238 1413 297 1453 im
331 1411 538 1467 Wallis.)
582 1411 685 1452 Jun.
730 1411 788 1452 D.
832 1411 934 1453 (1.4.
982 1425 1020 1466 p.
1041 1412 1140 1454 451.
1205 1410 1258 1455 Ο.
1292 1410 1556 1451 Artemisiae
1589 1408 1846 1463 campestris
1880 1407 2027 1450 Gaud.

240 1470 418 1516 helmet.
452 1485 493 1525 p.
520 1472 620 1514 479.
686 1469 738 1511 Ο.
771 1468 927 1512 elatior
972 1469 1195 1510 Schlcich.
1239 1483 1329 1509 exs.
1374 1468 1552 1510 secund.
1599 1466 1847 1523 specimina
1890 1479 1916 1507 a
1960 1480 2029 1508 me

239 1530 506 1574 examinata.
570 1528 746 1583 Sepalis
780 1529 986 1585 angustis
1018 1530 1116 1572 3-5
1148 1529 1344 1580 nerviis‚
1391 1526 1610 1582 profunde
1653 1525 1842 1577 divisiS,
1889 1525 2028 1566 corol-

242 1591 325 1629 lam
359 1588 652 1642 aequantibus
696 1588 1090 1644 longioribusque,
1134 1587 1298 1628 corolla
1345 1587 1440 1630 7-8
1472 1585 1615 1626 lineas
1654 1585 1814 1640 longa,
1866 1597 1891 1625 a
1932 1582 2031 1624 basi

241 1647 295 1688 ad
329 1647 496 1688 labium
530 1646 720 1688 inferius
766 1660 908 1700 usque
950 1652 1097 1698 recta,
1152 1645 1197 1686 in
1242 1645 1375 1685 dorso
1418 1643 1527 1685 labii
1571 1643 1819 1698 superioris
1863 1647 2031 1683 tantum

240 1706 370 1761 paulo
413 1710 624 1757 curvata,
676 1705 797 1746 labio
842 1705 985 1745 bilobo
1029 1710 1230 1758 patente,
1264 1702 1531 1744 staminibus
1565 1715 1694 1757 parce
1725 1699 1908 1756 pilosiS,
1941 1701 2030 1741 alte

243 1778 377 1819 snpra
411 1763 540 1805 finem
574 1764 732 1805 tertiae
774 1764 914 1818 partis
956 1763 1049 1804 tubi
1091 1762 1305 1816 insertis,
1356 1762 1464 1804 haec
1504 1760 1795 1816 dignoscitur.
1859 1757 2034 1816 Stigma

242 1821 423 1865 secund.
456 1822 622 1864 Vauch.
656 1822 792 1864 dilute
826 1834 1104 1879 purpureum.

361 1914 427 1956 11.
478 1909 533 1950 Ο.
567 1909 778 1950 Prcmms
823 1908 897 1964 (F.
933 1909 1002 1949 W.
1039 1908 1235 1950 Schultz.
1286 1920 1354 1963 ap.
1397 1905 1536 1950 Koch.
1584 1904 1628 1947 d.
1680 1905 1722 1947 fl.
1755 1903 1797 1948 4.
1842 1919 1883 1961 p.
1904 1903 2032 1960 453.)

242 1969 408 2024 aepulis
443 1967 779 2010 uni-binerviis
823 1967 1010 2025 integris
1055 1968 1125 2008 vel
1171 1967 1315 2007 antice
1357 1965 1486 2006 dente
1532 1965 1674 2007 auctis
1708 1965 1857 2005 tubum
1892 1964 2030 2006 corol-

241 2028 310 2068 lae
344 2027 686 2082 superantibus,
734 2027 896 2066 corolla
945 2027 1148 2067 tubuloso
1175 2051 1190 2057 -
1219 2025 1526 2079 campanulata
1575 2024 1702 2064 dorso
1743 2031 1863 2064 recta
1906 2022 2032 2077 apice

208 2091 488 2142 >antrorsum
547 2091 757 2135 curvata,
815 2084 953 2125 labiis
1010 2084 1165 2124 obtuse
1210 2083 1519 2135 denticulatis,
1567 2081 1802 2134 superiori
1843 2082 2030 2135 integyro

242 2145 444 2198 margine
485 2143 660 2185 laterali
705 2143 882 2197 patulo,
930 2142 1214 2184 staminibus
1260 2141 1352 2181 fere
1393 2142 1437 2179 in
1482 2139 1625 2180 medio
1670 2140 1760 2179 tubi
1794 2140 1973 2180 insertis
2006 2152 2032 2179 a

244 2203 341 2244 basi
376 2203 489 2243 ultra
522 2202 709 2243 medium
750 2201 891 2242 dense
929 2201 1095 2255 pilosis
1138 2211 1328 2254 superne
1372 2196 2028 2249 verruculum-scabriusculis,

244 2261 468 2313 stigmatis
502 2260 625 2301 diseo
656 2260 890 2311 sublaevi,
937 2259 1153 2314 yrcmulis
1183 2256 1512 2298 minutissimis
1543 2256 1858 2297 obtusissimis
1891 2256 2032 2296 dense

243 2320 443 2361 obtecto.
476 2317 549 2376 G).
584 2319 633 2360 In
667 2319 776 2360 locis
811 2317 1056 2370 montanis,
1096 2318 1141 2357 in
1175 2315 1322 2357 radice
1354 2315 1546 2356 Pieridis
1582 2314 1867 2355 hieracioidis
1908 2327 2031 2369 para-

246 2379 392 2419 sitica.
454 2377 557 2419 Juu.
620 2377 808 2432 Stiyma
850 2376 1042 2417 sordide
1083 2375 1358 2416 violaceum.
1435 2372 1675 2414 simillima
1720 2372 1769 2413 O.
1805 2373 2028 2423 loricatae,

244 2437 323 2478 sed
358 2436 502 2478 caulis
536 2449 725 2491 superne
760 2442 800 2477 ct
834 2435 1037 2476 bracteae
1070 2434 1208 2475 multo
1240 2432 1382 2488 magis
1415 2432 1618 2485 villosae,
1653 2432 1803 2486 sepala
1831 2437 1851 2473 1
1880 2431 2032 2472 nervia

247 2495 392 2536 rarius
426 2495 554 2536 dente
587 2501 739 2548 aucta,
785 2499 826 2535 et
857 2499 961 2535 tunc
1003 2493 1246 2543 trinervia,
1297 2491 1459 2532 corolla
1502 2504 1692 2545 superne
1723 2491 1852 2544 paulo
1888 2488 2032 2545 magis

247 2561 494 2595 antrorsum
528 2559 737 2606 curvata,
791 2552 956 2594 labium
989 2550 1192 2606 superius
1222 2551 1459 2602 integrum,
1494 2549 1681 2590 stamina
1717 2560 1749 2588 a·
1775 2548 1865 2588 basi
1901 2560 2034 2601 supra

247 2611 438 2653 medium
473 2611 609 2653 dense
641 2612 785 2665 pilosa
816 2616 857 2653 et
887 2624 1079 2666 superne
1111 2608 1356 2650 verruculis
1400 2607 1556 2649 obsita.
1620 2607 1686 2647 Ab
1720 2605 1770 2646 Ο.
1805 2606 1918 2646 flava
1950 2605 2033 2645 dif-

245 2672 356 2713 fert:
407 2669 594 2724 pilosior
638 2675 731 2723 cst,
792 2670 946 2724 sepala
988 2668 1178 2711 corollae
1221 2667 1369 2708 tubum
1410 2670 1645 2721 superant,
1698 2664 1860 2706 corolla
1904 2662 2032 2703 dorso

247 2730 382 2771 multo
413 2728 560 2769 minus
592 2735 773 2769 curvata
805 2733 871 2769 est
903 2734 945 2769 et
976 2727 1142 2770 labium
1175 2725 1379 2780 superius
1416 2725 1666 2780 integrum,
1713 2722 1925 2764 lateribus
1958 2722 2033 2761 vix

247 2787 428 2843 patulis,
461 2787 584 2828 nullo
620 2787 747 2828 niodo
780 2786 1008 2839 refractis,
1040 2784 1264 2826 filamenta
1302 2782 1518 2838 longiora,
1552 2782 1682 2836 apice
1714 2781 1846 2820 multo
1885 2779 2031 2819 minus

250 2851 434 2887 curvata
466 2851 595 2898 sunt,
629 2845 792 2901 stigma
823 2845 938 2885 ultra
969 2849 1245 2886 curvaturam
1276 2841 1592 2884 filamentorum
1625 2838 1813 2888 eminet,
1856 2837 2034 2878 sordide

249 2902 496 2946 ifiolaceum
528 2916 609 2944 nec
641 2902 1023 2955 nerino-flavum,
1066 2902 1228 2953 lat-ius,
1274 2906 1315 2941 et
1346 2900 1391 2940 in
1425 2898 1548 2938 disco
1579 2896 1798 2937 subtiliter
1828 2898 2034 2952 granula-

250 2969 357 3013 tum,
391 2975 476 3003 non
510 2961 814 3003 cicatricosum
850 2966 932 3002 est.
999 2960 1062 3000 Ab
1090 2958 1140 2999 Ο.
1162 2960 1359 3000 lucorum
1392 2955 1565 2996 differt:
1600 2955 1762 2996 corolla
1793 2961 1924 3006 recta,
1960 2967 2034 2994 an-

251 3021 338 3061 tice
370 3025 538 3062 tantum
571 3022 702 3075 paulo
735 3026 943 3069 curvata,
988 3017 1119 3059 labiis
1154 3017 1308 3058 obtuse
1340 3012 1607 3065 crenulatis,
1651 3012 1767 3054 labio
1809 3011 2035 3068 superiore

251 3079 457 3134 integro,
512 3078 758 3121 insertione
810 3077 1047 3119 staminum
1103 3075 1259 3117 altiore
1313 3078 1355 3114 et
1405 3072 1614 3128 stigmate
1663 3070 1884 3113 subtiliter
1932 3082 2032 3126 gra-

249 3138 414 3177 nulato.
1942 3128 2001 3168 G.

372 3209 438 3250 12.
490 3206 543 3249 Ο.
577 3221 724 3250 FLAvA
761 3205 978 3264 (Martius
1010 3206 1055 3247 in
1091 3203 1290 3257 Schultz,
1323 3202 1452 3243 beitr.
1489 3215 1529 3257 p.
1550 3201 1618 3257 9.)
1653 3201 1820 3257 sepalis
1853 3200 2032 3242 uniuer-

252 3264 339 3314 vii·
372 3267 442 3309 vel
474 3267 670 3311 obsoleto
715 3266 939 3310 trinerviis
981 3265 1170 3322 integris
1214 3261 1283 3306 vel
1332 3260 1479 3305 eutice
1519 3259 1650 3304 dente
1692 3259 1834 3304 auctis
1881 3259 2032 3302 tubum
