2200 3525
237 151 338 200 526
840 145 1416 203 ANTIRRHINEAE.
1728 168 2025 208 vanoch.

238 307 523 358 axillaribus,
557 303 792 361 pedicellis
824 308 1050 364 capsulam
1083 308 1239 351 leviter
1271 310 1590 367 emarginatam
1622 311 2026 371 subaequantibus‚

236 367 479 418 calycibus
523 366 869 421 qninqnefidis,
918 368 1133 410 caulibus
1176 369 1418 410 sterilibus
1470 371 1766 423 prostratis,
1822 373 2030 416 floriferis

233 424 617 466 adscendentibus,
654 421 720 478 Q.
755 424 804 465 ln
840 426 1020 467 ericetis
1053 426 1220 478 siccis,
1257 429 1447 469 collibus
1481 428 1674 482 apricis,
1712 431 1952 484 (zerstreut
1984 431 2026 473 d.

236 484 276 524 d.
312 497 354 537 g.
392 481 502 521 Geb.
537 495 590 521 an
625 483 837 523 manchen
873 483 1010 525 Orten
1044 485 1217 541 haufig,
1264 487 1368 526 aber
1413 485 1533 526 nieht
1565 488 1803 542 allgemein
1835 490 2029 531 verbrei-

233 542 336 594 tet.)
370 539 476 578 Mai.
509 539 611 580 Jun.
647 564 704 570 —
767 541 818 581 D.
854 542 896 582 fl.
920 546 957 585 1.
991 557 1032 598 p.
1054 545 1156 585 323.
1221 542 1286 583 St.
1322 543 1362 583 h.
1388 544 1493 586 58?
1526 543 1598 601 fig.
1633 546 1845 600 pessima.
1907 545 2028 590 Viva

234 612 318 639 non
370 597 557 638 difficile
596 598 894 655 distinguitur
950 614 974 641 a
1022 601 1193 641 duabus
1239 602 1552 655 sequentibus:
1605 610 1800 658 tempore
1843 598 2027 648 florendi

231 657 532 712 praecociori,
582 657 785 698 caulibus
830 659 964 699 multo
998 659 1340 714 gracilioribus,
1387 660 1482 699 basi
1518 659 1640 702 duris
1685 663 1907 718 lignosis,
1958 663 2026 705 iu-

231 715 435 754 nioribus
471 720 512 755 et
542 715 774 756 sterilibus
810 716 855 756 in
889 718 1035 757 orbem
1070 717 1334 770 prostratis,
1378 716 1651 772 floribusque
1683 721 2026 774 pallidioribu83

229 772 342 813 ludit
375 786 548 828 quoque
581 773 761 815 floribus
795 775 909 816 albis
944 781 985 817 et
1018 776 1221 827 carneis,
1269 773 1384 830 quod
1423 775 1469 816 in
1503 777 1792 830 sequentibus
1824 792 1913 820 non
1952 793 2028 823 oc-

230 830 384 873 currit.
711 838 714 839 ’

355 948 421 989 10.
474 943 526 988 V.
561 959 816 988 AUs'rmAcA
861 946 930 1000 (L.
977 960 1045 1002 sp.
1072 950 1159 1001 17.)
1199 948 1338 1002 foliis
1388 948 1721 1003 subpetiolatis
1765 951 2025 995 lanceolatis

228 1012 431 1048 crenato-
463 1006 533 1047 vel
565 1006 1053 1060 pinnatifido-serratis
1088 1009 1157 1048 vel
1194 1008 1362 1048 ambitu
1396 1008 1538 1049 ovatis
1574 1009 1922 1064 multifidisque,
1955 1024 2025 1052 ra-

231 1064 371 1105 cemis
405 1065 692 1118 axillaribus,
738 1065 969 1119 pedieellis
1013 1065 1321 1119 superioribus
1357 1068 1586 1120 capsulam
1620 1073 1746 1108 acute
1778 1068 2024 1124 emargina-

227 1127 314 1164 tam
350 1122 672 1177 aequantibus,
709 1123 950 1174 calgscibus
983 1124 1316 1179 quinqnefidis,
1359 1125 1573 1166 caulibus
1605 1126 1821 1167 omnibus
1855 1127 2024 1169 erectis

228 1181 355 1222 vele
386 1181 491 1222 basi
523 1190 729 1222 arcuata
773 1182 1187 1225 adscendentibus,
1234 1179 1302 1238 Q.
1348 1182 1399 1222 In
1447 1184 1633 1225 collibus
1677 1184 1810 1225 siccis
1855 1185 2024 1239 apricis

227 1238 377 1280 Germ.
411 1240 641 1280 orientalis
675 1246 716 1280 et
747 1240 958 1281 australis
992 1247 1034 1281 et
1066 1241 1110 1280 in
1139 1240 1265 1282 Helv.
1300 1241 1503 1293 australi,
1538 1243 1607 1296 (a.
1633 1242 1712 1282 bei
1737 1241 1939 1297 Troppau
1968 1244 2015 1285 in

230 1297 437 1345 Schles.3
471 1298 540 1339 bei
573 1298 803 1339 Karlstein
836 1298 881 1338 in
909 1297 1092 1350 13611m.;
1127 1298 1301 1350 Oestr.3
1337 1300 1405 1339 bei
1439 1299 1690 1353 Miinchen3
1726 1299 1873 1356 Genf3
1907 1309 1948 1359 β.
1982 1307 2024 1344 et

226 1373 272 1417 y.
308 1355 455 1397 Oestr.
490 1370 530 1398 u.
564 1356 751 1408 Krain.)
785 1356 895 1396 Tres
929 1357 1165 1397 varietates
1197 1357 1402 1414 insignies
1438 1363 1574 1399 sunt:

344 1448 387 1473 α.
423 1428 649 1481 dentata,
682 1427 792 1469 folia
823 1428 1070 1469 lanceolata
1100 1429 1170 1469 vel
1204 1416 1717 1482 lanceolata-linearia,
1763 1431 2024 1486 plerumque

228 1492 394 1528 remote
427 1493 831 1537 crenato-serrata,
866 1487 1128 1541 quandoque
1159 1487 1476 1544 integerrima:
1523 1488 1574 1530 V.
1600 1488 1779 1531 dentata
1807 1488 2021 1533 Schmidt.

229 1545 329 1587 boh.
364 1551 479 1587 cent.
506 1550 541 1588 1.
576 1547 646 1589 20.
712 1545 761 1586 V.
797 1543 1034 1586 Schmidtii
1070 1545 1116 1586 R.
1152 1551 1194 1586 et
1227 1545 1273 1586 S.
1311 1550 1347 1589 1.
1384 1544 1480 1589 115.

342 1626 381 1677 β.
413 1619 734 1672 pinnatzfida,
782 1617 891 1659 folia
923 1617 1170 1660 lanceolata
1201 1619 1272 1659 vel
1305 1619 2024 1675 lanceolato-linearia,pinnati-

222 1676 556 1719 fido-dentata:
621 1675 674 1718 V.
709 1677 929 1718 austriaca
963 1677 1011 1717 L.
1046 1677 1075 1718 l.
1109 1690 1145 1719 c.
1207 1676 1268 1717 M.
1306 1684 1346 1717 et
1378 1677 1432 1718 K.
1482 1678 1522 1718 d.
1569 1678 1612 1719 fl.
1651 1684 1688 1721 1.
1734 1679 1832 1723 326.
1893 1677 2021 1733 Jacq.

224 1741 363 1778 austr.
396 1741 426 1778 t.
447 1738 563 1788 329„
599 1749 694 1776 cum
729 1735 943 1777 varietate
977 1749 1103 1789 sequ.
1167 1735 1219 1776 V.
1252 1736 1540 1790 polymorpha
1572 1736 1726 1778 Willd.
1763 1750 1833 1782 en.
1874 1738 2019 1791 suppl.

222 1808 262 1849 p.
288 1798 354 1848 2.,
389 1808 474 1835 sec.
510 1795 639 1834 Link.
671 1794 814 1847 jahrb.
841 1798 875 1837 1.
910 1797 950 1837 3.
984 1795 1055 1837 43.
1111 1791 1166 1836 V.
1193 1793 1402 1847 Jacquini
1429 1792 1597 1836 Schott.
1630 1795 1690 1836 R.
1709 1800 1750 1836 et
1775 1794 1820 1834 S.
1854 1796 1890 1838 1.
1924 1796 2018 1838 108.

221 1853 384 1895 Forma
415 1853 593 1894 laciniis
626 1854 831 1894 foliorum
865 1852 1382 1895 lineari-filiformibus:
1429 1853 1480 1895 V.
1514 1853 1750 1896 tenuifolia
1781 1853 1885 1895 ΜΒ.
1919 1857 1950 1895 t.
1982 1866 2019 1895 c.

226 1916 264 1955 1.
300 1915 396 1966 13„
429 1924 518 1953 sec.
553 1911 698 1965 ipsum
730 1918 949 1953 auctorem
983 1912 1029 1953 in
1062 1911 1206 1967 suppl.

339 2003 384 2044 y.
418 1984 773 2038 bipinnacr‘fida,
805 1984 914 2025 folia
945 1981 1256 2038 bipinnatifida
1288 1983 1457 2025 ambitu
1491 1987 1666 2042 ovato:v
1710 1982 1763 2024 V.
1798 1981 2017 2025 multifida

221 2041 272 2084 L.
308 2057 375 2098 sp.
403 2048 438 2086 1.
476 2046 541 2086 17.
606 2043 662 2082 D.
698 2042 739 2083 fl.
770 2047 804 2084 1.
841 2044 940 2086 327.
972 2065 1031 2071 —
1091 2040 1141 2081 Si
1174 2055 1297 2095 caps.
1331 2042 1500 2096 pilosae
1532 2049 1661 2084 sunt:
1705 2041 1756 2086 V.
1789 2041 2018 2098 pilocarpa

219 2101 350 2143 Link.
384 2115 455 2142 en.
479 2103 517 2144 1.
549 2104 618 2145 25.
682 2101 731 2141 V.
765 2101 1039 2153 trichocarpa
1070 2097 1121 2139 R.
1158 2105 1199 2140 et
1233 2098 1281 2144 S.
1317 2106 1449 2141 mant.
1475 2105 1511 2146 1.
1549 2102 1644 2143 106.

340 2172 504 2214 Omnes
537 2172 618 2215 hae
649 2172 889 2214 varietates
922 2171 1079 2214 formis
1113 2172 1389 2214 intermediis
1423 2171 1676 2225 confluunt,
1722 2175 1764 2213 et
1796 2185 1819 2212 c
1850 2171 2019 2212 semine

221 2231 356 2273 unius
389 2233 566 2289 plantae
601 2237 883 2276 enascuntur,
947 2231 1047 2271 Var.
1083 2238 1124 2289 β.
1157 2235 1199 2271 et
1230 2248 1274 2290 y.
1321 2243 1409 2271 non
1452 2243 1552 2270 raro
1583 2229 1629 2270 in
1670 2243 1757 2270 uno
1791 2231 1917 2271 caule
1950 2243 2016 2270 re-

221 2290 470 2344 periuntur.
531 2290 710 2331 Florent
737 2288 1025 2331 antecedente
1049 2289 1316 2346 praecocius
1349 2293 1390 2330 et
1414 2292 1627 2343 sequente
1650 2287 1813 2330 serius.
1854 2287 2018 2329 Planta

220 2349 328 2391 viva
359 2349 514 2394 habitu
546 2348 723 2405 proprio
754 2362 854 2390 sese
884 2347 1046 2403 prodit.

340 2464 408 2509 11.
456 2464 508 2507 V.
543 2477 797 2507 ιΑτῙΓοιῐΑ
831 2462 906 2521 (L.
939 2478 1006 2520 sp.
1033 2462 1126 2521 18.)
1160 2462 1298 2519 soliis
1342 2461 1583 2505 sessilibus
1627 2475 1650 2503 e
1691 2460 1788 2503 basi
1832 2461 2014 2503 subcor-

221 2522 325 2564 data
356 2523 500 2565 ovatis
533 2525 829 2580 oblongisque
862 2522 1242 2565 inciso-serratis
1269 2521 1652 2577 pinnatifidisque,
1686 2520 1874 2561 racemis
1907 2519 2016 2561 axil-

221 2581 423 2637 laribus,
466 2582 700 2637 pedicellis
736 2582 898 2623 erectis
932 2582 1155 2638 capsulam
1190 2587 1316 2621 acute
1349 2580 1664 2635 emarginatam
1698 2577 2016 2631 subaequanti-

221 2639 335 2692 bus,
383 2641 626 2694 calycibus
657 2641 1002 2697 quinqucfidis,
1048 2640 1262 2682 caulibus
1304 2638 1520 2679 omnibus
1554 2636 1722 2678 erectis
1752 2636 1827 2677 vel
1854 2649 1877 2675 e
1908 2634 2014 2675 basi

218 2708 426 2740 arcuata
459 2700 873 2741 adscendentibus.
907 2696 974 2753 Q.
1021 2699 1072 2740 In
1105 2697 1378 2753 graminosis
1422 2695 1716 2747 siccioribus,
1771 2692 2013 2747 praecipue

216 2759 457 2808 montanis,
494 2758 561 2813 (d.
598 2759 638 2798 d.
672 2773 714 2814 g.
752 2757 885 2809 Geb.,
921 2757 1030 2800 doch
1064 2757 1186 2798 nicht
1219 2757 1328 2797 aller
1360 2755 1539 2808 Orten.)
1574 2753 1676 2794 Jnn.
1709 2750 1801 2792 Jul.
1836 2772 1893 2791 -÷·
1952 2750 2010 2791 D.

222 2814 265 2855 fl.
289 2821 324 2857 1.
357 2819 456 2858 322.
519 2816 569 2857 V.
598 2814 1065 2873 Pseudochamaedrys
1098 2816 1223 2869 Jacq.
1258 2827 1297 2856 a.
1331 2818 1365 2855 t.
1385 2814 1455 2857 60.
1517 2810 1671 2852 Flores
1703 2807 2009 2865 pulcherrimi,

216 2874 410 2916 caerulei
441 2874 569 2917 venis
601 2874 959 2916 saturatioribus.
1022 2873 1203 2915 Variat:

333 2979 376 3005 α.
410 2961 594 3016 maior,
627 2962 704 3003 fol.
740 2961 837 3004 basi
870 2959 1045 3003 cordata
1077 2957 1500 3014 amplexicaulibus:
1558 2952 1612 2997 V.
1645 2950 1838 2995 latifolia
1870 2948 2010 2995 maior

217 3014 401 3062 Schrad.
435 3035 477 3075 g.
508 3025 543 3063 1.
576 3022 646 3064 35.

336 3113 378 3161 β.
413 3105 593 3159 minor,
638 3107 714 3148 fol.
748 3104 849 3148 basi
883 3104 1027 3146 ovatis
1062 3108 1103 3145 et
1134 3104 1389 3159 plerumque
1433 3098 1666 3155 oblongis:
1729 3097 1780 3141 V.
1813 3097 2007 3139 latifolia

215 3161 357 3202 minor
391 3161 577 3206 Schrad.
611 3166 639 3205 l.
675 3179 710 3206 e.
779 3165 830 3205 V.
867 3164 1107 3204 Teucriam
1152 3162 1278 3202 Vahl.
1327 3172 1397 3200 en.
1422 3163 1456 3200 1.
1493 3158 1589 3208 76..
1644 3157 1882 3198 secundum
1927 3155 2002 3196 de-

215 3220 515 3275 scriptionem.
576 3221 689 3264 Num
723 3221 777 3264 V.
813 3221 1055 3264 Teucrium
1088 3220 1141 3261 L.
1174 3232 1240 3274 sp.
1267 3221 1361 3272 16.,
1395 3217 1448 3258 ad
1481 3217 1596 3257 hanc
1627 3216 1910 3268 varietatem,
1944 3226 2001 3255 an

215 3278 271 3319 ad
304 3279 537 3321 varietates
570 3281 624 3330 V,
658 3281 907 3324 austriacae
938 3279 1185 3336 pertineat,
1215 3277 1408 3319 nondum
1439 3275 1552 3317 satis
1587 3279 1774 3316 constat.
