2200 3525
207 84 306 131 440
860 68 1286 124 COMPOSITA
1296 70 1353 124 E.
1791 91 1996 131 camus.

210 239 347 292 lutis,
397 234 676 291 receptaculo
719 232 914 276 breviter
957 231 1197 286 fibrilloso,
1251 238 1293 276 et
1336 234 1539 277 acheniis
1585 237 2001 292 castaneo-fuscis,

213 310 404 355 superne
439 293 678 349 conspicue
709 292 949 334 attenuatis
981 298 1023 334 et
1053 294 1222 335 scabris
1256 294 1390 336 facile
1422 308 1448 335 a
1473 301 1684 349 sequente
1708 296 2002 352 dignoscitur.

329 386 368 427 9.
405 380 453 423 C.
475 392 642 421 vaNs
658 379 787 432 (Vin.
810 378 958 434 delpb.
982 392 1047 434 sp.
1068 380 1188 433 142.)
1217 381 1341 423 caule
1357 381 1511 423 foliato
1537 395 1708 423 ramoso
1725 384 2000 438 corymboso,

204 442 341 498 foliis
375 439 647 482 radicalibus
680 438 945 480 lanceolatis
980 437 1168 480 dentatis
1205 440 1275 481 vel
1300 438 1869 495 runcinato·pinnatifidis,
1905 456 2005 484 cau-

214 501 320 542 linis
355 498 661 552 superioribus
694 496 939 538 linearibus
968 496 1127 550 planis
1160 497 1263 537 basi
1294 499 1569 553 sayittacis,
1602 500 1832 540 involucri
1854 500 2004 554 folio-

216 559 273 599 lis
306 555 626 598 exterioribus
658 555 919 596 linearibus
952 555 1224 608 adm-assis,
1270 555 1553 597 interioribus
1598 558 1643 597 in
1676 558 1909 612 superficie
1941 559 2006 600 in-

216 615 365 657 teriori
399 614 604 671 glabriS,
637 613 848 655 aclieniis
881 613 1307 667 lineari-oblonfjis
1341 617 1405 653 10
1435 614 1622 655 striatis
1655 618 1787 669 apice
1807 618 2034 670 paulum'

215 673 591 729 angustioribus,
627 671 750 713 striis
783 672 1004 725 laevibus‚
1039 672 1313 725 receptaculo
1346 671 1513 728 glabro.
1547 672 1619 728 Θ.
1655 675 1704 714 In
1732 676 1870 731 agris,
1905 689 2006 731 pas-

215 733 329 785 cuis,
361 732 415 774 ad
449 731 559 772 vias.
611 729 952 771 Jun.-autumn.
1005 728 1053 770 C.
1089 730 1238 770 virens
1273 728 1395 770 DQ!
1430 729 1471 770 fl.
1511 730 1562 770 fr.
1582 735 1624 775 5.
1661 746 1698 786 p.
1719 736 1817 776 447.
1863 733 2001 774 Koch.

215 797 256 833 et
291 791 385 833 Ziz.
422 796 507 831 cat.
540 790 602 843 pl.
638 789 725 843 pal.
788 787 840 828 C.
868 793 1079 829 tectorum
1105 788 1217 828 Poll.
1246 789 1333 842 pal.
1355 789 1394 831 2.
1428 789 1527 832 399.
1561 788 1690 846 Engl.
1716 791 1804 832 bot.
1829 793 2003 834 t.1111.

215 850 263 891 C.
298 847 562 906 pinnatiflda
597 846 746 889 Willd.
776 860 840 902 sp.
861 847 902 890 3.
932 847 1056 890 1604.
1106 845 1152 887 C.
1177 845 1465 902 polymorpha
1487 847 1640 888 Wallr.
1669 847 1819 889 sched.
1847 863 1887 903 p.
1901 849 2002 892 426.

215 909 352 962 (excl.
396 921 495 961 syn.
542 906 590 949 C.
625 906 805 948 strictae
839 902 969 960 Scop.
1004 910 1045 946 et
1077 905 1202 956 DC„
1249 912 1377 960 atque
1425 904 1473 946 C.
1508 904 1695 946 diffusae
1728 905 1847 960 DQ,
1894 920 2007 961 quae

214 966 269 1008 ad
319 965 638 1008 Barkhausiam
687 977 892 1006 cernuam
943 963 1205 1018 pertinent.)
1282 962 1437 1018 Crepis
1485 964 1635 1005 virens
1682 964 1812 1012 Liun.
1875 965 2006 1006 extri-

217 1025 311 1067 cari
346 1025 523 1079 nequit3
570 1023 635 1065 Cl.
671 1022 765 1064 DC.
798 1021 1068 1077 suspicatur,
1104 1021 1347 1063 Linnaeum
1380 1026 1588 1076 nostram,
1622 1022 1693 1064 hic
1724 1023 2007 1078 propositam,

217 1083 412 1139 speciem
466 1088 508 1124 et
561 1080 609 1123 C.
656 1082 885 1133 strictam,
944 1080 1130 1133 (Bar-kh.
1180 1094 1385 1122 cernuam
1402 1083 1441 1136 ,J
1496 1081 1766 1122 confudisse.
1800 1106 1856 1111 -
1928 1082 2004 1124 Me

217 1142 392 1198 quidem
453 1141 747 1194 observante,
806 1137 858 1184 C.
901 1139 1052 1180 virens
1116 1138 1160 1179 in
1229 1141 1422 1194 plantam
1478 1139 1681 1190 diffusam
1749 1154 1834 1181 non
1893 1140 2001 1192 abit,

214 1201 304 1242 nisi
359 1200 484 1243 caule
538 1200 740 1241 abscisso
796 1198 868 1238 vel
925 1211 950 1238 a
1011 1198 1245 1253 pecoribus
1289 1198 1490 1253 depasto.
1565 1197 1788 1254 Stigmata
1833 1212 2006 1253 semper

217 1261 360 1312 flava,
395 1258 581 1301 acheuia
614 1258 751 1299 dilute
783 1256 910 1298 fusca
939 1257 1011 1296 vel
1044 1261 1263 1309 testacea,
1314 1263 1354 1297 et
1386 1269 1554 1312 pappus
1589 1259 1796 1298 caducus.
1859 1257 2006 1310 Folio-

219 1332 313 1359 rum
347 1319 487 1360 forma
519 1316 647 1358 valde
680 1314 946 1368 variabilis,
978 1318 1024 1355 ut
1055 1314 1101 1354 in
1136 1313 1185 1354 C.
1220 1314 1401 1364 bienni3
1451 1314 1592 1356 variat
1624 1316 1805 1369 insuper
1838 1315 2006 1371 capitu·

217 1377 276 1418 lis
310 1375 653 1418 canescentibus
686 1381 727 1415 et
759 1371 1254 1431 glanduloso-pilosis,
1301 1372 1546 1414 minoribus
1591 1380 1632 1415 et
1666 1374 1797 1428 duplo
1831 1374 2005 1415 maiori-

217 1436 315 1478 bus.
378 1432 611 1476 Varietas:

337 1517 374 1567 β.
411 1506 649 1564 αῃνεεῖίε,
695 1505 889 1562 capitula
922 1503 1054 1560 duplo
1087 1503 1257 1547 maiora
1287 1504 1443 1547 habet:
1508 1503 1556 1547 G.
1591 1504 1782 1560 agrestis
1813 1498 1883 1546 W.
1915 1503 2008 1547 Kit.

217 1569 279 1624 pl.
312 1581 346 1609 r.
384 1567 426 1608 h.
459 1580 500 1622 p.
521 1566 624 1610 244.
660 1569 690 1607 t.
714 1568 811 1610 220.
866 1564 1182 1619 „Involucrum
1215 1565 1390 1619 plantae
1424 1568 1693 1620 spontaneae
1725 1563 2009 1620 glandulosa-

221 1625 449 1682 h'ffipidum
481 1625 595 1677 fuit,
625 1624 672 1665 in
705 1624 822 1666 culta
854 1623 1058 1680 glabrum
1092 1623 1254 1665 factum
1288 1626 1408 1668 est.“
1470 1622 1620 1664 Willd.
1654 1636 1719 1677 sp.
1740 1624 1782 1665 3.
1816 1636 1856 1677 p.
1883 1623 2008 1666 1603.

340 1715 407 1758 10.
442 1710 495 1756 C.
530 1725 746 1755 PULcHRA
777 1710 852 1767 (L.
884 1725 951 1766 sp.
977 1703 1128 1766 1134)
1162 1711 1287 1753 caule
1320 1710 1444 1767 apice
1476 1709 1753 1765 paniculato,
1787 1707 1910 1749 foliis
1943 1720 2010 1749 ra-

221 1771 441 1814 dicalibus
474 1773 748 1823 runcinatis,
799 1769 990 1812 caulinis
1025 1770 1283 1811 lanceolatis
1315 1769 1414 1810 basi
1445 1769 1664 1810 truncatis
1696 1768 1866 1822 postica
1901 1766 2007 1807 den·

222 1832 355 1883 tatis,
408 1831 634 1885 panicula
665 1830 932 1885 fastigyiata
977 1828 1134 1881 nuda,
1190 1828 1432 1869 involucro
1472 1826 1784 1882 ylabcrrimO,
1824 1824 2009 1879 foliolis

222 1890 427 1942 calyculi
458 1888 743 1930 brevissimis
774 1888 931 1929 acatis
962 1886 1233 1941 adpressis,
1284 1886 1482 1928 acheniis
1529 1884 1775 1926 linearibus
1810 1883 2010 1924 obsoleto

227 1950 280 1991 10
314 1947 482 1989 striatis
516 1947 640 2001 apice
673 1960 824 2001 parum
859 1945 1096 1987 attenuatis
1131 1945 1319 2002 glabris,
1355 1944 1676 1999 marginalibus
1711 1942 1895 1983 scabris.
1929 1940 2006 1997 Θ.

224 2004 277 2046 ln
310 2006 497 2047 collibus
531 2011 572 2046 et
604 2004 844 2059 praecipue
875 2004 921 2044 in
953 2003 1129 2055 vineis,
1163 2004 1209 2044 in
1242 1997 1489 2057 praeruptis
1521 2003 1636 2043 inter
1669 2001 1875 2055 virgulta,
1910 2002 2008 2041 solo

224 2063 736 2120 argillaceo-calcareo,
771 2061 1101 2117 (stellenweise
1135 2062 1180 2101 iu
1213 2061 1548 2115 Wiirtemberg,
1584 2058 1876 2112 Oberbaden,
1908 2057 2006 2098 dem

222 2122 374 2164 Elsass
408 2135 448 2163 u.
485 2121 622 2163 durch
666 2121 747 2161 das
781 2119 954 2176 Gebirg
997 2119 1078 2160 auf
1115 2119 1212 2160 dem
1257 2119 1405 2160 linken
1440 2118 1682 2158 Rheinufer
1724 2117 1790 2156 bis
1835 2130 1888 2157 an
1936 2115 2009 2157 die

222 2179 364 2232 Nahe,
398 2180 515 2221 dann
550 2178 716 2220 wieder
739 2179 785 2220 in
811 2176 1042 2219 Oestreich
1072 2191 1111 2217 u.
1140 2177 1199 2218 im
1221 2176 1462 2229 Littorale3
1495 2175 1615 2217 nicht
1642 2177 1685 2216 in
1712 2174 1749 2215 d.
1780 2172 2008 2227 Schweiz,

222 2239 417 2280 sondern
461 2239 520 2279 im
563 2237 820 2279 Aostatliale
860 2236 906 2277 in
951 2234 1190 2292 Piemont.)
1239 2234 1466 2276 Jun.Ju1.
1530 2234 1657 2289 Engl.
1701 2234 1784 2273 bot.
1830 2238 1856 2274 t.
1879 2235 2008 2276 2325.

221 2297 498 2339 Prcnanthes
545 2295 824 2337 hieracifolia
864 2293 1017 2336 Willd.
1064 2307 1129 2349 sp.
1164 2294 1288 2337 1541.
1362 2291 1410 2334 P.
1444 2292 1627 2348 pulchra
1668 2291 1761 2332 DC.
1802 2291 1844 2331 fl.
1889 2291 1941 2332 fr.
1964 2293 2007 2334 4.

220 2370 263 2412 p.
287 2360 325 2400 7.
388 2353 438 2396 Ρ.
471 2355 648 2396 viscosa
680 2354 866 2410 Baumg.
901 2358 1061 2394 transs.
1083 2355 1125 2395 3.
1172 2366 1212 2407 p.
1233 2352 1304 2395 44.
1370 2350 1611 2405 Intybellia
1642 2349 1823 2405 pulchra
1857 2349 2006 2390 Monn.

223 2428 311 2456 ess.
346 2428 387 2469 p.
411 2416 478 2458 79.
539 2412 895 2468 Sclerophyllum
928 2410 1154 2467 pulchrum
1192 2409 1334 2451 Gaud.
1380 2410 1494 2452 helv.
1538 2424 1578 2464 p.
1605 2407 1674 2451 48.
1750 2407 2008 2449 Chondrilla

224 2473 413 2528 pulchra
444 2472 564 2513 Lam.
599 2471 698 2513 dict.
724 2475 763 2514 2.
797 2485 835 2525 p.
859 2473 928 2515 77.
992 2468 1197 2524 Lapsana
1228 2469 1408 2524 pulchra
1440 2467 1549 2509 Vin.
1593 2466 1736 2521 delpb.
1758 2468 1799 2509 3.
1845 2480 1882 2521 p.
1910 2467 2035 2513 163..

222 2531 516 2573 Phaecasium
549 2529 876 2585 lampsanoides
910 2526 1037 2569 Cass.
1100 2525 1258 2568 Planta
1301 2527 1448 2568 habitu
1495 2540 1590 2568 cum
1623 2523 1923 2565 Prenanthide
1966 2528 2008 2565 et

225 2588 511 2642 Chondrilla‚
557 2588 883 2630 characteribus
927 2600 1030 2627 vero
1073 2598 1169 2627 cum
1204 2585 1391 2640 Crepide
1427 2584 1709 2626 conveniens.
1773 2582 1823 2622 B.
1861 2580 2004 2622 Gaud.

224 2661 318 2689 eam
352 2649 406 2689 ob
440 2648 572 2702 pappi
606 2649 652 2688 in
685 2645 883 2687 acheniis
917 2643 1237 2701 marginalibus
1271 2644 1486 2685 defectum
1535 2649 1741 2696 tanquam
1783 2639 2006 2694 proprium

223 2720 364 2762 genus
397 2705 652 2762 proposuit,
693 2705 772 2746 sed
815 2703 1054 2745 secundum
1083 2716 1223 2744 meam
1265 2701 1616 2743 observationem
1661 2697 1848 2739 achenia
1891 2710 2004 2738 mar-

223 2765 397 2821 ginalia
428 2777 651 2820 nunquam
683 2776 857 2820 pappo,
890 2761 966 2817 qui
1000 2761 1176 2802 omnino
1211 2761 1348 2818 fugax
1379 2764 1471 2812 est,
1509 2761 1684 2805 carent..
1922 2754 1977 2797 G.

353 2864 448 2898 Sect.
472 2864 517 2897 11.
563 2864 725 2897 Achenia
752 2864 863 2896 10-13
887 2863 1029 2895 striata.
1073 2861 1223 2903 Pappus
1249 2861 1453 2903 rigidulus,
1488 2858 1655 2901 fragiliS‚
1689 2856 1794 2888 albus
1821 2857 1856 2888 in
1882 2856 2008 2888 flaves-

221 2911 359 2941 centem
386 2918 551 2951 vergens.
601 2909 662 2948 (ln
688 2907 727 2940 C.
750 2907 918 2949 Jacquiui
943 2914 1088 2948 pappus
1111 2907 1233 2937 miuus
1264 2905 1410 2947 fragilis
1445 2906 1521 2943 est3
1564 2905 1601 2934 in
1626 2900 1664 2932 C.
1689 2901 1870 2942 paludosa
1900 2901 2009 2942 fragi-

223 2952 425 2993 lissimus.)
471 2952 642 2984 Aracium
667 2951 778 2985 Neck.
801 2952 902 2983 Less.
927 2959 1010 2990 syn.
1035 2958 1070 2990 p.
1091 2948 1163 2980 141.

342 3043 410 3085 11.
466 3038 514 3082 C.
549 3038 769 3083 JAcamm
803 3034 1019 3089 (Tausch.
1058 3034 1146 3076 bot.
1180 3038 1267 3088 ztg.
1307 3033 1372 3076 11.
1410 3035 1449 3075 1.
1479 3046 1520 3086 p.
1542 3032 1636 3083 79.)
1692 3031 1824 3072 caule
1875 3029 2008 3083 apice

177 3091 189 3108 ἐ
221 3101 330 3138 1-5
364 3097 587 3151 cephalo,
625 3098 761 3151 soliis
792 3092 1068 3138 lanceolatis
1101 3093 1270 3148 glabris
1299 3091 1569 3145 peciolatis,
1604 3089 1895 3130 raclicalibus
1929 3102 2007 3128 cx-

222 3156 477 3196 terior-ihus
510 3156 737 3211 intem-is,
782 3153 981 3196 caulinis
1013 3151 1278 3192 ruminatis
1327 3150 1459 3205 longe
1492 3149 1779 3200 acuminatis,
1826 3147 2004 3188 laciniis

222 3214 497 3269 superiorum
539 3214 811 3270 linearibus,
861 3211 1090 3257 involucro
1133 3208 1484 3266 pedunculisquc
1527 3207 1623 3249 laxe
1666 3205 1923 3250 tomentosis
1967 3208 2007 3249 et
