2200 3525
167 78 402 120 monus.
595 60 600 65 ·
836 61 1288 119 GRAMINEAE.
1387 40 1391 43 ’
1845 73 1945 121 819
1985 34 1992 35 f

162 239 248 268 von
282 224 378 267 dem
409 224 500 267 bot.
534 221 727 266 Giirtner
756 223 924 268 Michel
970 226 1171 270 entdeckt
1213 226 1406 284 wurde.)
1453 225 1556 270 Jnn.
1588 226 1679 270 Jul.
1740 226 1939 272 Libertia

167 284 490 327 arduennensis
525 283 702 335 Lejeun.
736 283 780 323 in
814 298 916 325 nov.
953 292 1036 327 act.
1082 286 1202 328 acad.
1244 287 1355 343 leop.
1389 287 1517 328 carol.
1551 288 1637 329 vol.
1662 289 1730 332 12.
1762 290 1803 330 2.
1836 291 1935 333 757.

162 347 193 385 t.
213 345 285 386 63.
351 341 585 383 Calotbeca
618 341 867 383 bromoidea
897 342 989 396 Lej.
1023 358 1215 397 messagr.
1252 345 1298 394 d.
1326 345 1488 386 scienc.
1523 351 1634 400 sept.
1664 347 1789 391 1823.
1849 345 1936 389 Mi-

163 399 358 442 cbelaria
401 398 651 440 bromoidea
696 400 890 441 Dumort.
939 414 1031 453 agr.
1067 407 1133 446 77.
1179 409 1206 443 t.
1235 403 1297 446 16.
1370 402 1554 443 Bromus
1590 403 1849 446 multiflorus
1892 413 1932 462 β.

158 454 403 500 Reichenb.
438 456 482 497 fl.
517 459 700 499 excit-3.
765 458 877 499 Tota
913 461 1181 513 spicularum
1227 461 1465 514 florumque
1499 461 1666 503 fabrica
1697 463 1830 519 longe
1871 476 1935 505 re-

159 516 332 558 cedite
363 515 520 555 Bromo
554 516 780 566 secnlino,
833 516 1151 573 (multifloro,)
1198 527 1237 560 et
1282 518 1524 560 certissime
1567 519 1676 560 haec
1719 520 1868 574 planta
1911 534 1935 563 e

158 574 325 615 semine
358 573 478 614 illius
514 587 596 614 non
628 575 912 630 propullulat.
975 576 1168 633 Hyemes
1201 583 1379 619 nostras
1405 590 1536 635 aegre
1560 578 1644 622 fert
1668 582 1709 620 et
1733 590 1864 635 saepe
1889 579 1935 621 in

156 631 282 674 horto
323 638 470 674 nostro
502 632 627 689 perit.
1855 635 1911 679 G.

286 745 380 779 Sect.
408 746 449 778 11.
499 745 628 779 Bnomr
655 755 840 780 semitm-¹
873 747 1059 781 Ber-tolon.
1085 750 1121 783 n.
1145 749 1220 782 ital.
1243 751 1272 782 1.
1296 749 1371 783 652.
1419 747 1608 792 Spiculae.
1648 752 1753 783 etiam
1788 750 1935 785 deflora-

156 793 235 831 tae,
260 793 397 832 apicem
423 799 550 822 versus
575 793 819 831 angustiores.
868 791 982 824 Vulva
1008 793 1160 825 inferior
1184 795 1253 826 3-5
1280 795 1423 836 nervia,
1448 795 1617 837 superior
1640 795 1933 829 5-multinervia.

153 833 267 868 Palea
288 835 459 876 superior
482 835 572 866 setis
597 835 768 875 rigidulis
793 842 929 868 remote
954 838 1305 878 pectinato—ciliata.

269 937 310 979 2.
342 934 394 977 B.
421 947 672 977 secamus
711 934 784 989 (L.
819 949 883 991 sp.
911 937 1033 991 112.)
1069 937 1274 991 panicula
1307 942 1480 991 patente
1505 936 1712 980 deflorata
1735 943 1932 995 nutante,

153 993 340 1050 spiculis
374 994 606 1048 oblongis,
652 993 830 1034 floribus
874 994 1240 1048 lato-ellipticis‚
1278 997 1555 1049 fructiferis
1585 999 1799 1052 maryine
1831 1012 1934 1040 con·

153 1052 326 1094 tractis
358 1053 585 1092 teretibus
617 1052 839 1106 remotis,
879 1053 1020 1106 palea
1061 1053 1286 1107 inferiore
1318 1056 1345 1098 7
1376 1056 1529 1095 nervia
1559 1057 1760 1112 margine
1791 1062 1935 1098 rotun-

151 1111 255 1151 data
296 1110 587 1163 superiorem
633 1118 892 1163 aequante,
945 1112 1081 1152 arista
1124 1117 1323 1165 porrecta
1365 1112 1558 1153 flexuosa
1600 1114 1933 1168 rectiusculave,

151 1167 332 1226 vaginis
364 1167 550 1224 glabris
583 1165 656 1223 Θ.
693 1168 744 1208 ln
778 1168 899 1224 agris
932 1168 1046 1210 inter
1076 1175 1264 1224 segetes.
1325 1168 1432 1211 Jun.
1464 1170 1553 1212 Jul.
1615 1169 1796 1213 Variat:

269 1259 310 1285 a.
343 1253 564 1295 qrossus,
606 1239 793 1294 spiculis
827 1240 1067 1282 maioribus
1103 1241 1271 1298 glabris
1305 1242 1374 1283 vel
1408 1241 1605 1286 scabris:
1664 1242 1716 1287 Β.
1748 1258 1932 1303 grossus

151 1306 195 1358 β.
228 1296 372 1340 Gaud.
406 1304 572 1353 agrost.
595 1302 630 1341 1.
663 1300 765 1342 301.
828 1298 880 1341 Β.
916 1313 1098 1356 grossus
1132 1319 1174 1345 α.
1208 1301 1264 1342 Ι).
1298 1300 1341 1342 fl.
1366 1304 1402 1348 1.
1433 1303 1532 1345 680.

270 1379 310 1427 β.
344 1371 603 1423 velutinus,
657 1370 846 1426 spiculis
888 1371 1132 1413 maioribus
1175 1371 1290 1413 hirto
1314 1397 1330 1405 -
1359 1372 1600 1416 velutinis:
1660 1373 1713 1416 Β.
1745 1388 1931 1431 grossus

150 1447 194 1474 α.
232 1428 376 1472 Gaud.
412 1442 504 1484 agr.
537 1430 567 1470 l.
601 1441 636 1468 c.
698 1429 748 1469 B.
782 1443 968 1485 grossus
1002 1438 1027 1488 β
1061 1437 1101 1472 et
1132 1447 1176 1491 y.
1211 1431 1265 1472 D.
1299 1430 1342 1472 ss.
1375 1432 1403 1472 l.
1437 1445 1477 1473 c.
1539 1432 1592 1476 B.
1620 1447 1801 1488 grossus
1835 1435 1930 1476 DC.

150 1487 198 1530 fi.
241 1489 294 1531 fr.
314 1490 355 1532 3.
398 1501 439 1545 p.
461 1488 532 1530 68.
606 1486 747 1529 Gmel.
794 1487 890 1529 bad.
918 1489 958 1530 4.
1001 1495 1030 1529 t.
1053 1492 1094 1531 2.
1168 1488 1221 1531 B.
1255 1490 1478 1534 velutinus
1522 1489 1712 1536 Schrad.
1747 1496 1785 1537 1.
1828 1494 1930 1538 349.

148 1551 181 1589 t.
201 1548 244 1592 6.
276 1547 307 1589 f.
329 1548 374 1590 3.
437 1545 490 1586 Β.
524 1545 785 1586 multiflorus
819 1545 975 1587 Smith.
1011 1547 1109 1588 brit.
1139 1550 1179 1590 1.
1217 1549 1312 1594 126.

265 1635 312 1676 y.
344 1619 585 1672 vulgyaris,
631 1618 817 1672 spiculis
849 1618 1092 1660 minoribus
1125 1619 1295 1674 glabris
1330 1618 1399 1661 vel
1432 1620 1631 1665 scabris:
1693 1622 1742 1664 B.
1776 1623 1931 1666 secali·

147 1690 233 1720 nus
271 1678 458 1719 Schrad.
494 1690 629 1732 germ.
655 1683 689 1719 1.
728 1677 821 1719 147.
882 1676 1031 1718 Leers.
1079 1678 1201 1723 herb.
1246 1684 1274 1718 t.
1300 1683 1362 1720 11.
1407 1678 1438 1718 f.
1460 1683 1499 1721 2.
1562 1681 1616 1722 D.
1662 1681 1704 1722 fl.
1732 1686 1770 1725 1.
1813 1685 1930 1736 679.,

148 1737 190 1778 si
222 1736 420 1791 spiculae
452 1736 635 1790 glabrae
679 1735 927 1789 mistaeque
971 1736 1125 1776 breves
1169 1742 1208 1777 et
1256 1736 1494 1790 conspicue
1539 1738 1757 1781 flexuosae
1800 1748 1930 1792 sunt;

144 1795 188 1837 si
222 1808 324 1836 vero
358 1794 520 1835 aristae
552 1793 779 1848 longiores
813 1793 919 1833 fiunt
951 1798 993 1834 et
1023 1793 1343 1848 longitudinem
1385 1794 1506 1836 floris
1552 1798 1802 1854 attingunt,
1847 1799 1931 1840 ori·

145 1857 251 1897 tur:
309 1851 498 1893 Bromus
531 1852 761 1908 elongatus
807 1850 956 1893 Gaud.
1001 1864 1094 1909 agr.
1122 1856 1160 1897 1.
1203 1854 1334 1908 305.,
1383 1853 1569 1900 secund.
1610 1857 1835 1911 specimen
1877 1858 1932 1900 ab

146 1912 248 1968 'ipso
281 1917 476 1952 auctore.

263 1985 309 2030 δ.
341 1982 635 2034 hordaceus,
691 1981 879 2038 spiculis
933 1980 1177 2025 minoribus
1220 1981 1564 2038 pubescentibus
1607 1983 1816 2027 hirtisve:
1877 1984 1931 2031 Β.

147 2041 392 2084 hordaceus
439 2041 586 2083 Gmel.
630 2040 727 2082 bad.
747 2041 789 2084 4.
833 2054 875 2095 p.
895 2041 964 2084 68.
1009 2046 1041 2085 t.
1066 2046 1129 2093 1.,
1180 2042 1220 2083 si
1264 2040 1460 2097 spiculae
1504 2043 1611 2097 pilis
1656 2043 1932 2088 brevissimis

144 2101 392 2156 pubescunt
423 2106 465 2141 et
497 2101 659 2142 aristae
691 2100 866 2154 paleam
912 2099 1218 2154 subaequant,
1265 2106 1421 2154 atque,
1464 2100 1514 2141 B.
1549 2100 1755 2143 badensis
1789 2101 1931 2145 Gmel.

144 2159 176 2203 l.
208 2172 247 2202 c.
280 2159 412 2215 p.74.
445 2163 474 2200 t.
498 2161 567 2210 5.,
608 2158 650 2199 si
683 2158 884 2214 spiculae
914 2157 1018 2212 pilis
1053 2158 1259 2199 brevibus
1297 2158 1676 2200 hirto-velutinac
1709 2167 1931 2215 apparent.

261 2260 304 2302 3.
353 2256 407 2299 B.
441 2270 736 2300 commurmus
781 2256 1041 2313 (Schrader.
1086 2255 1180 2298 flor.
1225 2271 1359 2312 germ.
1382 2262 1418 2302 1.
1460 2273 1500 2314 p.
1525 2260 1651 2315 353.)
1703 2261 1931 2314 panicula

145 2322 322 2373 patente
369 2317 566 2371 denique
621 2325 859 2366 nutante,
924 2315 1118 2368 spiculis
1165 2316 1395 2372 oblongo·
1422 2318 1677 2360 lanceolatis
1733 2319 1929 2374 ylabris‚

147 2376 329 2418 floribus
360 2374 832 2430 elliptico-oblongis,
866 2371 1109 2415 fructiferis
1142 2375 1341 2427 margine
1373 2375 1632 2417 imbricatim
1666 2389 1716 2417 se
1749 2378 1931 2433 tegenti-

144 2434 257 2487 bus,
301 2433 427 2488 palea
460 2431 668 2474 inferiore
701 2437 723 2477 7
757 2432 911 2473 nervia
946 2433 1145 2487 margine
1176 2446 1326 2484 supra
1359 2434 1559 2474 medinm
1594 2436 1822 2489 mzqulum
1852 2437 1933 2477 ob-

146 2500 309 2535 tusum
341 2491 590 2533 exhibente
622 2491 890 2546 superiorem
925 2490 1161 2544 conspicue
1195 2499 1457 2544 superante,
1501 2493 1665 2533 aristis
1693 2495 1931 2545 porrectis

147 2551 245 2593 fere
277 2549 554 2606 longitudine
586 2549 765 2604 paleae,
809 2548 990 2604 vaginis
1023 2548 1307 2588 inferioribus
1342 2550 1511 2603 pilosis.
1546 2550 1604 2607 O
1639 2553 1705 2592 vel
1738 2553 1930 2595 fortasse

149 2607 227 2666 Θ.
261 2608 380 2650 Inter
423 2612 600 2663 segetes
642 2613 684 2648 et
726 2607 771 2647 in
817 2608 1021 2661 pascuis,
1071 2605 1212 2661 (siidl.
1248 2605 1454 2648 Hanover
1492 2622 1534 2648 u.
1569 2609 1708 2652 nordl.
1742 2610 1928 2652 Thin-in-

149 2680 266 2723 gen,
296 2666 487 2708 Bezirke
518 2679 559 2706 v.
593 2664 867 2720 Gottingen,
903 2663 1205 2716 Hildesheuu,
1240 2664 1616 2721 Brnunscbweig,
1652 2667 1955 2725 Magdeburg.‚

148 2738 195 2766 u.
241 2724 311 2766 bis
360 2738 414 2766 an
458 2723 498 2766 d.
541 2723 703 2778 Harz.)
755 2722 863 2764 Mai.
895 2722 998 2763 Jun.
1062 2722 1116 2763 D.
1161 2722 1202 2763 fl.
1241 2724 1276 2765 1.
1321 2725 1420 2770 683,
1486 2724 1719 2767 Reicloenb.
1771 2727 1829 2767 ic.
1865 2728 1931 2770 11.

147 2783 180 2825 f.
209 2784 332 2826 1589.
394 2782 446 2824 B.
480 2782 666 2838 simplex
699 2780 841 2822 Gaud.
877 2784 1037 2835 agrost.
1058 2783 1094 2826 1.
1129 2794 1169 2835 p.
1192 2782 1315 2832 236„
1362 2782 1407 2822 in
1451 2782 1554 2824 flora
1588 2783 1801 2826 helvetica
1833 2797 1930 2826 cum

147 2840 199 2881 B.
232 2854 468 2883 racemoso
512 2841 790 2883 coniunctus.
863 2837 1075 2879 Pluribus
1118 2839 1469 2894 speciminibus,
1518 2841 1661 2895 iisque
1705 2842 1928 2896 perfectis,

151 2901 205 2941 ab
239 2899 423 2951 amicis,
467 2899 703 2956 Hornung.
738 2904 782 2939 et
813 2897 996 2951 Hamp.,
1041 2897 1231 2951 acceptis
1264 2897 1316 2938 dc
1350 2897 1430 2939 hac
1462 2899 1635 2953 planta,
1679 2913 1791 2954 quae
1822 2900 1931 2942 mihi

150 2957 372 3013 quondam
415 2971 438 2998 c
481 2958 650 2999 dnobus
701 2956 974 3011 imperfectis
1018 2955 1340 3010 speciminibus
1390 2970 1475 2997 non
1523 2958 1635 2998 sutis
1685 2964 1787 2999 nota
1827 2957 1931 3013 fuit,

147 3028 268 3057 nunc
303 3015 467 3057 certius
502 3016 678 3057 edoctus
711 3028 822 3057 suin.
885 3013 1044 3054 Bromo
1078 3014 1223 3068 patulo
1255 3014 1415 3055 similis
1448 3028 1532 3055 non
1566 3020 1650 3066 est,
1684 3015 1762 3057 scd
1795 3016 1931 3058 multo

148 3074 295 3130 magis
328 3073 383 3119 B.
407 3074 617 3115 secalino
661 3079 702 3115 et
745 3084 995 3122 racemoso3
1045 3070 1095 3111 B.
1132 3078 1451 3123 coinnuitatuS‚
1497 3073 1550 3114 dc
1591 3087 1676 3128 quo
1718 3073 1764 3114 in
1796 3074 1853 3115 D.
1886 3073 1929 3117 ss.

151 3133 239 3172 vol.
262 3134 305 3175 3.
341 3144 381 3186 p.
402 3128 458 3174 V.
491 3145 634 3173 sermo
669 3137 760 3182 est,
807 3131 861 3172 ad
906 3128 1151 3184 specimina
1196 3130 1360 3171 maiora
1391 3130 1441 3171 Β.
1476 3131 1616 3185 patuli
1651 3132 1868 3187 pertinet,
1906 3146 1932 3174 a

147 3189 190 3232 b.
223 3190 360 3233 amIco
393 3189 519 3233 Zizio
550 3203 688 3247 prope
719 3189 994 3248 Moguntium
1027 3188 1163 3243 lecta,
1200 3189 1276 3231 ubi
1307 3188 1358 3233 Β.
1391 3194 1679 3233 commutatus
1710 3203 1796 3233 non
1830 3203 1931 3246 pro·

1415 3278 1517 3327 52*
