2200 3525
235 147 550 184 memorum.
879 127 1370 185 coMPOSITAE.
1921 133 2017 182 461

235 288 405 333 foliolis
444 288 671 346 adpressis
702 289 1094 333 subeoncoloribus
1127 293 1345 335 siccitate
1372 289 1739 348 niyricaneibus.
1771 287 1842 346 ΖΛ.
1875 289 1926 331 In
1957 290 2022 332 lo-

234 349 302 390 cis
335 348 515 390 incultis
547 348 661 388 inter
693 347 928 398 fruticeta,
974 349 1019 388 in
1065 350 1272 404 ericetis,
1317 351 1371 392 ad
1412 352 1637 406 sylvarum
1671 363 1786 391 oras.
1849 347 1940 393 Jul.
1973 348 2020 389 in

236 412 430 447 autumn.
494 405 550 445 H.
585 406 807 460 sylvestre
850 405 1041 447 Tausch.
1087 408 1172 448 bot.
1217 416 1302 465 ztg.
1346 410 1372 450 l.
1407 423 1442 451 c.
1491 424 1532 465 p.
1555 411 1621 454 70.
1686 409 1740 448 H.
1775 407 2021 449 sabaudum

234 463 369 508 Linn.
402 476 523 504 suec.
557 477 598 518 p.
622 464 720 507 274.
773 462 930 504 Smith.
966 465 1084 520 engi.
1128 465 1169 506 fl.
1190 468 1230 509 3.
1276 470 1462 521 p.367.‚
1507 481 1559 509 ex
1601 467 1779 522 specim.
1824 465 2020 521 anglico.

233 520 349 562 Poll.
383 521 517 575 palat.
539 524 580 564 2.
615 535 655 575 p.
673 523 772 565 395.
806 527 847 563 et
879 518 1054 575 plurini.
1081 528 1194 564 auct.
1224 537 1357 578 germ.
1408 526 1463 566 H.
1489 526 1733 567 sabaudum
1762 525 2022 580 nigrescens

237 577 414 634 Set-ing.
449 579 506 632 pl.
542 592 656 620 exso.
720 579 778 625 H,
814 581 1082 635 sylvaticum
1115 581 1347 624 VVahlenb.
1380 584 1421 624 fl.
1458 585 1571 639 lapp.
1608 597 1651 639 p.
1678 586 1771 628 197.
1815 582 1860 624 fl.
1895 594 2022 624 suec.

234 649 277 692 p.
295 636 395 680 495.
457 636 517 681 H,
552 650 829 678 nemorosum
874 639 1026 680 Dierb.
1075 639 1116 683 fl.
1161 641 1351 682 heidelb.
1377 646 1416 684 2.
1460 645 1649 696 p.252.‚
1703 641 1948 697 specimina
1997 653 2024 681 a

235 694 552 736 basisramosa
594 697 730 736 ramis
780 698 1124 752 monocephalis.
1201 699 1494 755 Dignoseitur
1546 701 1788 741 involucris
1833 700 1878 741 iu
1918 698 2025 739 viva

233 753 385 808 planta
416 754 600 795 obscure
632 754 880 805 viridibus,
916 756 1082 797 foliolis
1115 757 1317 813 margine
1350 772 1433 798 non
1468 758 1675 813 pallidis,
1709 764 1767 808 et,
1802 757 1846 798 ni
1872 758 2022 809 fallor,

234 811 363 862 ctiam
397 811 442 852 in
475 812 710 854 alabastris
758 813 1007 856 iunioribus
1052 820 1169 856 arcte
1212 815 1463 871 adpressis3
1512 817 1557 856 in
1604 815 1796 870 capitulo
1842 816 2025 857 florente

232 882 368 970 ζεῧρε
411 870 536 926 apice
579 884 733 927 parum
779 871 976 926 distant,
1035 872 1115 914 sed
1158 885 1246 914 non
1290 873 1598 927 reflectuntur,
1661 880 1706 915 ut
1749 874 1808 914 iu'
1839 874 1897 916 H.
1930 887 2024 915 um-

264 942 285 969 e
324 933 406 970 ato.

350 1015 420 1058 44.
454 1014 510 1057 H.
543 1028 847 1056 LAEVIGATUM
881 1014 1060 1070 (Willd.
1094 1029 1158 1071 sp.
1192 1017 1251 1072 pl.
1270 1019 1310 1061 3.
1349 1017 1499 1073 1590.)
1541 1018 1667 1059 caule
1696 1019 1843 1075 rigido
1880 1019 2025 1061 multi-

235 1072 345 1116 folio
379 1073 546 1115 hirsuto
579 1075 792 1130 glabrove
823 1087 1015 1128 superne
1057 1088 1232 1116 ramoso
1277 1076 1647 1132 subcorymboso‚
1692 1078 1824 1119 ramis
1870 1081 2025 1120 subeo-

197 1175 199 1177 ,
234 1132 486 1185 rymhosis‚
520 1132 782 1186 pedunculis
818 1132 1133 1186 involucroque
1165 1135 1504 1176 canescentibus
1537 1148 1755 1189 saepeque
1788 1138 2023 1190 sublimis,

224 1190 362 1244 foliis
398 1189 838 1231 ovato-lanceolatis
881 1190 1144 1232 lanceolatis
1189 1193 1767 1241 vel*lineari-lanceolatis
1815 1195 2024 1249 dentatis,

234 1247 522 1289 inferioribus
554 1248 597 1288 in
634 1249 838 1302 petiolum
871 1249 1045 1290 brevem
1080 1251 1344 1303 attenuatis,
1393 1251 1719 1304 superioribus
1762 1253 2026 1295 subsessili-

234 1305 351 1359 lma,
398 1306 689 1360 raldicalibus
720 1307 887 1359 nullis,
931 1307 1163 1349 involucri
1182 1308 1366 1363 foliolis
1398 1310 1625 1364 adpressis
1663 1311 1862 1366 margine
1889 1311 2026 1365 palli-

235 1362 309 1415 dis
334 1362 551 1407 siccitate
581 1365 864 1415 immutatis,
898 1365 1190 1408 exterioribus
1223 1368 1565 1409 alabrastrorum
1598 1368 1820 1410 iuniorum
1845 1372 2023 1423 erectis,

235 1419 975 1477 alabastrumsupereminentibus.
1011 1421 1080 1477 ΖΛ.
1122 1424 1173 1466 In
1206 1426 1317 1467 locis
1363 1427 1633 1483 sylvaticis,
1678 1428 1870 1470 collibus
1914 1429 2027 1484 lapi-

236 1481 358 1522 dosis
400 1481 514 1522 inter
559 1481 767 1536 virgulta.
843 1481 949 1522 Jun.
984 1481 1073 1523 Jul.
1147 1483 1345 1525 Dimidio
1395 1499 1546 1526 mense
1589 1486 1845 1539 praecoeius
1902 1487 2026 1528 floret

235 1538 537 1581 antecedente.
599 1539 655 1580 H.
690 1539 822 1581 affine
856 1539 1052 1580 Tausch.
1088 1542 1173 1583 bot.
1208 1547 1299 1598 ztg.
1334 1543 1365 1583 l.
1401 1556 1440 1588 c.
1486 1556 1529 1598 p.
1555 1546 1625 1589 70.
1689 1544 1748 1590 H.
1781 1545 2024 1586 croaticum

236 1597 305 1643 ΕΙ.
339 1597 562 1639 sedinens.
596 1611 640 1653 p.
663 1601 791 1652 322„
834 1598 1073 1639 secundum
1116 1601 1294 1654 specim.
1329 1601 1382 1641 ab
1415 1608 1577 1643 auctor.
1613 1603 1736 1643 miss.
1799 1603 2026 1645 luvolucri

236 1656 390 1698 foliola
408 1656 531 1711 apice
551 1657 813 1711 quandoque
834 1657 1010 1710 paulum
1039 1657 1216 1699 distant.
1263 1658 1435 1700 Foliola
1464 1661 1756 1715 capitulorum
1784 1662 2023 1715 iuniorum,

217 1714 326 1770 ,pisi
358 1715 705 1770 magnitudinem
753 1723 1005 1767 nacturum,
1052 1717 1268 1758 exteriora
1310 1724 1456 1759 erecta
1497 1719 1738 1774 capitulum
1781 1721 2025 1776 superemi-

236 1777 368 1824 nent,
415 1773 547 1826 idque
580 1773 787 1813 coronula
820 1773 948 1826 quasi
982 1773 1189 1829 cingunt,
1236 1789 1322 1830 qua
1366 1782 1468 1817 nota
1501 1782 1673 1831 praeter
1705 1777 1925 1819 defectum
1957 1779 2024 1820 fo-

221 1830 676 1885 oliorumradicalium
709 1831 811 1871 viva
844 1830 971 1872 etiam
1007 1832 1157 1887 planta
1181 1833 1235 1874 ab
1270 1833 1326 1874 H.
1349 1836 1546 1891 vulgat0‚
1582 1848 1680 1877 cum
1715 1850 1799 1890 quo
1820 1850 1906 1878 non
1929 1851 2026 1880 raro

237 1894 554 1944 commutatur,
590 1889 892 1943 distinguitur.
956 1888 1083 1931 Folia
1116 1891 1260 1932 rarius
1295 1898 1450 1943 ovata,
1486 1893 1744 1949 plerumque
1777 1895 2028 1937 lanceolata

212 1952 282 2048 ‘ft
312 1960 450 2045 saepe
479 1947 996 2004 elongato-lanceolata,
1031 1949 1312 1992 mediocriter
1343 1950 1544 2006 dentata,
1579 1947 1846 2008 quandoque
1878 1968 2025 1996 macu-

252 2010 346 2047 ata.
455 2006 588 2046 ariat:
640 2014 644 2018 “

353 2085 395 2135 β.
429 2077 852 2133 coronopisolium,
898 2078 1007 2120 folia
1038 2085 1227 2136 anguste
1256 2081 1535 2136 lanceolata,
1580 2061 1788 2138 utrinque
1820 2083 2027 2127 dentibus

213 2137 328 2180 ,2-3
359 2135 607 2191 elongatis,
653 2137 695 2182 h.
731 2138 785 2178 l.:
849 2137 905 2179 Η.
938 2138 1208 2195 laevigatam
1240 2139 1394 2182 Willd.
1429 2141 1462 2186 l.
1496 2155 1562 2196 c.,
1606 2142 1790 2185 secund.
1819 2143 2027 2202 designa-

234 2195 398 2236 tionem
418 2195 487 2247 cl.
521 2193 774 2238 Froelichii.

282 2270 306 2293 ·’
342 2283 396 2324 -y,
430 2250 790 2321 glandulosum,
836 2269 1075 2324 pedunculi
1118 2275 1160 2312 et
1202 2271 1432 2315 involucra
1463 2273 1566 2328 pilis
1601 2273 1919 2329 glanduliferis
1953 2275 2029 2317 ad-

239 2337 434 2424 spersar:
496 2325 558 2366 H.
590 2326 895 2369 -lanceolatum
935 2327 1040 2370 Vin.
1095 2329 1244 2386 delph.
1299 2343 1344 2386 p.
1377 2333 1472 2376 126.
1531 2337 1565 2375 t.
1594 2334 1696 2385 30„
1757 2333 1857 2376 icon
1908 2335 2028 2376 mala

237 2395 262 2424 e
307 2396 360 2424 ru
394 2396 449 2425 is.

238 2517 242 2525 Ι
352 2469 421 2512 45.
455 2469 511 2510 Η.
545 2481 870 2513 UMBBLLATUM
903 2471 977 2526 (L.
1010 2475 1247 2529 sp.113t.)
1278 2476 1404 2517 caule
1434 2475 1581 2533 rigido
1616 2476 1909 2532 polycephalo
1940 2477 2026 2520 hir-

224 2527 336 2568 “suto
369 2528 578 2584 glabrove
611 2543 798 2584 superne
830 2544 1030 2582 ramoso,
1077 2533 1214 2573 ramis
1250 2534 1416 2574 ultimis
1453 2535 1825 2587 subumbe'tlatis,
1862 2535 2029 2591 pedun-

237 2585 350 2626 culis
384 2587 751 2638 canescentibus,
787 2589 923 2642 soliis
968 2591 1228 2631 lanceolatis
1271 2591 1601 2646 linearibusque
1633 2592 1827 2634 dentatis
1858 2595 1930 2635 vel
1962 2595 2028 2636 in-

237 2644 518 2698 tegerrimis,
554 2645 842 2687 inferioribus
874 2647 919 2687 in
954 2648 1160 2702 petiolum
1196 2648 1371 2690 brevem
1405 2651 1672 2702 attenuatis,
1719 2653 2025 2705 superioribus

238 2704 596 2754 subsessitibus,
645 2705 936 2746 radic-anhus-
966 2706 1134 2759 ηπῶς,
1167 2707 1396 2748 involucri
1415 2708 1600 2762 foliolis·
1633 2709 1769 2762 apice
1799 2713 2025 2753 recurvis.

236 2756 303 2813 ΖΛ,
342 2760 393 2801 In
427 2762 564 2815 pratis
598 2768 637 2802 et
671 2762 848 2818 pascuis
882 2764 1045 2815 siccis,
1092 2764 1299 2816 eric-etis,
1352 2766 1461 2807 locis
1494 2768 1753 2820 sylvaticis.
1817 2769 2027 2810 duh-au·

237 2822 371 2859 tumn.
436 2819 501 2860 Fl.
544 2820 642 2860 dan.
692 2826 720 2861 t.
741 2822 841 2865 680.
922 2821 1195 2863 Exsiccatum
1238 2823 1293 2863 H.
1329 2825 1493 2864 boreali
1540 2837 1674 2880 saepe
1729 2826 2023 2881 simillimum,

238 2875 459 2919 involucri
495 2891 705 2932 squamae
727 2878 929 2934 margine
957 2881 1173 2921 obscurae
1207 2895 1377 2936 quoque
1409 2890 1448 2923 et
1484 2887 1754 2937 concotores,
1790 2898 1869 2926 nec
1900 2888 2027 2940 palli-

239 2933 349 2985 dae,
397 2941 437 2976 et
470 2935 579 2977 folia
612 2937 937 2992 approximata‚
983 2939 1060 2980 sed
1094 2940 1241 2980 omnia
1275 2941 1407 2988 folia,
1457 2942 1588 2982 etiam
1625 2946 1881 2997 superiora,
1926 2945 2023 2985 lan-

240 2994 531 3036 ceolam-vel
575 2996 789 3047 linearia,
835 3010 976 3050 neque
1020 3003 1147 3038 ovata
1191 3006 1231 3039 et
1276 2999 1628 3052 amplexifflulia.
1705 3001 1867 3043 Variat.
1902 3002 2024 3044 foliis

237 3049 501 3093 lanceolatis
536 3052 863 3109 integerrimis,
899 3064 1060 3096 remote
1093 3055 1375 3096 (lentis-utatis
1410 3057 1661 3097 dentatisve
1693 3063 1734 3100 et

355 3131 398 3181 β.
433 3126 851 3179 οονοηορξΙὸῖἰιιηι,
899 3127 1021 3168 soliis
1068 3128 1265 3183 margine
1298 3129 1501 3184 utrinque
1535 3129 1742 3173 dentibus
1775 3134 1871 3176 2-3
1904 3134 2021 3175 elon-

242 3180 389 3237 gatis:
452 3183 508 3224 H.
542 3186 907 3238 coronopisolium
942 3184 1185 3226 Bernhard.

356 3265 403 3312 y.
435 3257 805 3312 anyusczsolium
822 3288 836 3312 ‚
869 3257 994 3300 foliis
1025 3262 1216 3314 anguste
1243 3258 1487 3303 linearibus
1517 3259 1680 3305 lineam
1710 3261 1787 3305 vix
1819 3262 1944 3306 latis·
