2200 3525
214 148 314 198 686
884 136 1323 192 ORCHIDEAE.
1664 180 1665 183 η
1777 153 1984 192 oncms.

213 305 357 359 tusis,
403 300 617 344 omnibus
648 300 697 342 in
739 300 927 357 yaleam
959 300 1341 353 conniventibus,
1384 299 1592 342 bracteis
1633 297 1891 341 uninerviis
1922 298 1993 341 vel

216 364 384 408 infimis
417 360 728 401 subtrinerviis
761 359 956 400 ovarium
1005 360 1325 414 aequantibus,
1367 359 1491 400 foliis
1535 358 1991 414 oblongo-lanceola-

213 423 302 472 εἰς,
337 419 484 461 bulbis
517 418 742 460 indivisis.
775 415 842 473 ΖΙ..
879 417 928 458 ln
961 420 1114 472 pratis.
1177 418 1316 473 April.
1349 417 1460 460 Mai.
1521 417 1653 458 Schk.
1686 422 1715 457 t.
1738 420 1834 461 271.
1895 416 1993 457 Flo-

214 494 284 522 res
316 476 551 534 purpurei,
600 477 727 517 venis
772 477 924 531 galeae
959 477 1177 517 viridibus
1225 476 1407 518 validis.
1469 475 1624 519 Variat
1656 475 1837 517 floribus
1871 480 1991 516 satu-

212 543 307 583 rate
338 535 576 587 violaceis,
610 535 874 591 purpureis,
911 536 1052 576 roseis
1086 540 1128 576 et
1160 534 1293 576 albis.

327 627 369 670 9.
420 622 744 664 O.Sr1'rzss1.11
798 620 1022 677 (Sauter.)
1067 621 1231 663 labello
1281 620 1452 662 trilobo
1501 619 1786 663 subvelutino
1836 618 1993 674 depen-

213 683 371 734 dente,
411 681 528 724 lobis
559 681 671 722 latis·
705 681 932 732 crenatis,
977 680 1236 723 intermedio
1269 680 1570 735 emarginato,
1617 680 1790 721 calcare
1824 682 1995 720 conicu-

212 743 456 797 cylindrico
489 739 760 781 verticaliter
792 738 1088 780 descendente
1119 739 1268 780 ovatio
1312 740 1441 793 paulo
1485 738 1714 790 breviore,
1761 736 1997 792 pei·i90nii

211 801 395 843 laciniis
427 798 626 851 obtusis,
674 798 930 838 lateralibus
964 798 1243 852 patentibus,
1287 797 1466 838 intimis
1508 800 1540 838 2
1583 797 1716 851 apice
1757 795 1996 839 truncatis

213 857 640 914 emaryinatisque,
697 856 903 898 bracteis
956 856 1213 897 uninerviis
1259 857 1459 897 ovarium
1507 855 1826 910 aequantibus,
1872 853 1995 897 foliis

212 915 647 974 oblongo-obovatis
680 914 876 966 obtusis,
922 915 1070 955 bulbis
1113 915 1335 956 indivisis.
1371 912 1439 968 2J..
1485 914 1535 955 ln
1578 915 1688 956 locis
1721 914 1995 969 graminosis

212 977 376 1031 alpium
410 974 619 1030 Tyrolis,
657 973 722 1029 (a.
757 973 798 1014 d.
831 973 1241 1029 Weissbachelalpe
1271 973 1330 1015 im
1363 973 1739 1016 Buchweissbach
1771 975 1842 1016 bei
1872 972 1996 1015 Saal·

210 1034 358 1078 selden
389 1034 435 1075 in
468 1032 644 1090 Tyrol.)
679 1031 786 1073 Jun.
846 1031 1002 1073 Flores
1034 1032 1256 1088 purpurei.
1909 1032 1967 1077 G.

332 1123 397 1165 10.
443 1120 498 1161 0.
533 1131 743 1161 PALLENS
779 1118 858 1174 (L.
894 1124 1026 1161 mant.
1046 1120 1171 1175 292.)
1205 1120 1371 1162 labello
1402 1119 1565 1162 leviter
1597 1119 1766 1162 trilobo
1796 1120 1998 1176 inteyer-

210 1180 331 1223 rimo
377 1180 445 1221 vel
479 1179 554 1219 vix
586 1178 809 1219 creuulato
843 1178 938 1219 basi
971 1178 1271 1230 holosericeO,
1320 1179 1489 1221 calcare
1521 1178 1765 1233 cylindrico
1797 1179 1996 1221 horizon-

210 1239 290 1282 tali
323 1239 389 1280 vel
422 1236 717 1279 adscendente
748 1237 943 1277 ovarium
983 1237 1312 1291 subaequante,
1352 1237 1588 1292 periyonii
1626 1237 1812 1279 laciniis
1853 1237 1996 1280 ovatis

211 1297 399 1350 obtusis,
433 1297 572 1338 tribus
599 1294 882 1336 interioribus
897 1296 1257 1350 subaequalibus,
1293 1296 1477 1337 duobus·
1494 1296 1773 1337 lateralibus
1800 1296 1998 1352 denique

211 1356 438 1410 reflexis,
497 1353 704 1395 bracteis
755 1354 1012 1394 unium-viis
1060 1354 1256 1395 ovarium
1297 1355 1616 1409 aequantibus,
1675 1354 1810 1408 spica
1854 1355 1998 1408 expli-

213 1423 324 1457 cata
355 1422 528 1463 ovata,
563 1412 686 1454 foliis
719 1413 1156 1468 obovato—oblongis
1188 1413 1389 1464 obtusis,
1423 1413 1649 1454 tuberibus
1681 1412 1904 1454 indivisis.
1927 1410 1995 1468 ZL.

211 1474 263 1517 In
296 1472 530 1528 sylvaticis
565 1476 607 1512 et
637 1470 861 1512 montibus
897 1470 1132 1525 virgultis,
1183 1472 1279 1512 solo
1325 1472 1553 1524 calcareo,
1601 1471 1844 1526 (zerstreut
1876 1471 1916 1512 d.
1950 1471 1995 1513 d.

211 1532 326 1574 siidl.
361 1531 523 1573 Gebiet
556 1543 599 1570 u.
636 1529 704 1570 bis
739 1543 794 1570 an
826 1529 867 1570 d.
903 1530 1043 1570 nbidl.
1080 1529 1254 1572 Grenze
1296 1544 1341 1570 v.
1376 1529 1679 1585 Thiiringen.)
1714 1529 1855 1584 April.
1885 1529 1997 1584 Mai,

211 1591 405 1633 omnium
446 1589 633 1630 maxime
675 1601 886 1643 praecox.
936 1588 1061 1643 Jacq.
1095 1602 1138 1630 a.
1174 1595 1201 1629 t.
1220 1591 1289 1632 45.
1354 1588 1505 1630 Flores
1550 1588 1823 1639 ochroleuci',
1868 1590 1997 1630 raris·

211 1650 323 1691 sime
368 1646 591 1704 purpurei.
664 1647 740 1699 Ab
765 1646 956 1688 Orchide
1000 1647 1260 1689 sambucina
1304 1647 1439 1689 facile
1482 1648 1760 1704 dignoscitur
1802 1647 1996 1688 bracteis

212 1709 348 1750 multo
382 1706 624 1747 minoribus
657 1706 933 1757 uninerviis,
968 1719 1048 1747 nec
1081 1706 1568 1759 reticulato-venosis,
1603 1707 1656 1747 ab
1690 1705 1742 1746 O.
1775 1706 1996 1756 masulca,

214 1767 288 1809 cui
321 1765 451 1806 valde
494 1763 671 1817 affinis,
715 1771 887 1820 praeter
932 1771 1058 1807 notas
1103 1765 1355 1822 propositas
1393 1770 1587 1822 tempore
1630 1764 1816 1807 florendi
1862 1766 1999 1807 multo

212 1823 484 1882 praecociori
517 1828 559 1864 et
590 1822 720 1864 odore
753 1822 882 1880 gravi
912 1822 1101 1879 ingrato.
1738 1857 1741 1865 1

333 1915 397 1955 11.
443 1909 496 1951 Ο.
529 1921 743 1951 MAscuLA
778 1908 854 1964 (L.
889 1922 953 1965 sp.
980 1909 1132 1966 1333.)
1174 1911 1339 1953 labello
1367 1910 1609 1966 profunde
1652 1910 1850 1965 trilobo,
1899 1909 2000 1953 basi

213 1970 358 2024 hirto,
391 1969 508 2010 [obis
539 1967 651 2009 latis
684 1967 921 2020 dentatis,
973 1969 1231 2010 intermedio
1266 1984 1360 2011 cum
1394 1970 1523 2010 dente
1553 1971 1782 2012 interiecto
1815 1970 2001 2026 emargi-

214 2035 344 2080 nato,
391 2028 562 2070 calcare
594 2025 840 2080 cylindrico
888 2026 1149 2068 horizontali
1184 2028 1252 2068 vel
1288 2028 1584 2069 adscendente
1615 2028 1812 2070 ovarium
1847 2030 2001 2070 subae-

216 2092 405 2143 quante‚
452 2084 688 2140 periqonii
729 2084 914 2126 laciniis
960 2086 1335 2142 ovato-oblongis
1377 2086 1544 2127 obtusis
1593 2087 1735 2127 acutis
1783 2088 2001 2128 acumina-

214 2151 358 2198 tisve,
392 2145 563 2185 duobus
598 2143 768 2184 intimis
801 2142 967 2184 dorsali
1001 2144 1307 2195 brevioribus,
1351 2144 1534 2186 duobus
1565 2145 1845 2186 lateralibus
1877 2145 2000 2187 deni-

214 2218 304 2261 que
335 2202 558 2258 reflexis,
610 2200 819 2242 bracteis
861 2202 1118 2243 uninerviic
1150 2202 1346 2243 ovarium
1381 2204 1699 2257 aequantibus,
1745 2204 1879 2257 spica
1921 2219 2002 2245 ex-

211 2263 395 2319 plicata
428 2262 650 2316 elonyata
682 2261 827 2312 laxa,
871 2260 993 2302 foliis
1035 2261 1238 2316 oblongis
1282 2261 1610 2303 lanceolatisve.
1644 2258 1713 2315 ZL.
1756 2262 1865 2303 Mai.
1898 2263 2002 2304 Juu.

215 2322 372 2363 Flores
406 2318 632 2375 purpurei.
697 2318 865 2360 Calcar.
898 2318 943 2360 in
977 2318 1099 2374 spica
1139 2320 1359 2375 explicata
1405 2333 1578 2373 semper
1619 2320 1892 2363 horizontale
1930 2321 2003 2364 vel

217 2379 498 2422 adscendens
534 2378 655 2428 vidi,
689 2379 820 2418 etiam
854 2376 899 2418 in
932 2378 1253 2434 speciminibus
1285 2378 1571 2424 obtusifloris.
1631 2378 1810 2422 Variat:

335 2471 378 2498 α.
410 2451 722 2505 obtusijlora,
756 2450 894 2507 perig.
926 2450 1108 2492 laciniis
1139 2449 1322 2493 obtusis.

334 2533 376 2583 β,
411 2524 697 2578 acutiflora,
749 2523 893 2579 perig.
939 2523 1122 2564 laciniis
1169 2523 1309 2564 acutis
1362 2523 1432 2566 vel
1475 2523 1669 2566 breviter
1710 2523 2001 2582 acuminatis3

215 2583 324 2627 haec
354 2584 495 2626 forma
526 2583 683 2624 ceteris
715 2581 936 2637 vulgatior
968 2589 1059 2623 est:
1122 2581 1244 2623 Hall.
1280 2582 1397 2624 helv.
1432 2587 1459 2624 t.
1480 2585 1552 2626 33.
1586 2583 1617 2624 f.
1649 2584 1852 2625 sinistra.

334 2673 383 2717 y.
427 2656 668 2711 speciosa,
730 2654 871 2711 perig.
927 2653 1106 2696 laciniis
1154 2655 1288 2712 longe
1339 2655 1653 2698 acuminatis:·
1701 2654 1753 2696 Ο.
1797 2655 2002 2710 speciosa

218 2715 346 2756 Host.
380 2713 423 2756 fl.
457 2729 494 2756 a.
514 2718 556 2762 2.
590 2717 693 2760 527.
758 2713 814 2755 Ο.
849 2714 1044 2754 mascula
1076 2713 1204 2770 Jacq.
1237 2715 1292 2757 ic.
1325 2728 1411 2757 rar.
1443 2720 1473 2757 t.
1495 2716 1622 2769 180.,
1668 2712 1750 2756 sed
1791 2715 1910 2757 color
1939 2715 2002 2757 la-

217 2773 326 2817 belli
357 2785 457 2815 cum
489 2779 649 2815 natura
679 2785 767 2814 non
800 2785 1065 2828 congruens.

351 2887 382 2930 §0
406 2890 441 2922 ‘20
487 2887 664 2921 Bracteae
687 2888 992 2930 3-plurinerviae
1016 2890 1050 2920 et
1073 2887 1130 2920 vel
1156 2887 1323 2931 infimae,
1353 2889 1412 2921 vel
1435 2898 1559 2921 omnes
1584 2887 1696 2920 simul
1719 2872 2002 2923 reticulato-ve-

218 2941 346 2966 nosae.
391 2932 538 2964 Tubera
561 2933 720 2964 indivisa
742 2933 800 2964 vel
825 2933 882 2973 (in
909 2930 951 2965 Ο.
975 2931 1208 2973 sambucina)
1234 2934 1337 2975 apice
1361 2933 1517 2965 breviter
1540 2932 1675 2964 biloba.

347 3014 382 3041 a.
426 3004 618 3038 Labellum
641 3004 829 3037 trilobum.

339 3093 405 3135 12.
449 3091 504 3132 Ο.
542 3104 809 3133 LAx1FLoRA
846 3089 995 3146 (Lam.
1028 3090 1070 3132 fl.
1103 3090 1155 3131 fr.
1174 3091 1213 3134 3.
1248 3106 1288 3148 p.
1309 3091 1434 3147 504.)
1471 3091 1630 3133 labello
1663 3091 1849 3145 trilobo,
1883 3091 1998 3134 lobis

220 3148 478 3192 lateralibus
511 3150 656 3192 autice
687 3150 962 3204 rotundatis,
1002 3149 1261 3191 intermedio
1293 3150 1507 3204 profunde
1540 3145 1811 3207 emarginato
1842 3151 2000 3193 latiore

221 3208 420 3249 breviore
450 3209 520 3249 vel
550 3209 681 3263 paulo
712 3209 939 3264 longiore,
987 3209 1173 3251 calcare
1215 3208 1473 3262 cylindrico
1505 3210 1788 3252 horizontali
1816 3209 1891 3251 vel
1917 3209 2000 3250 ad-

222 3266 473 3309 scendente
502 3267 653 3310 ovatio
684 3269 912 3325 breviore,
946 3267 1166 3327 perigenii
1196 3267 1376 3313 laciniis
1409 3269 1616 3327 oblongis
1648 3267 1849 3324 obtusis,
1891 3268 1998 3310 late·
