2200 3525
272 151 373 200 352
482 145 486 149 ’
920 133 1410 189 COMPOSITAE.

273 310 402 361 tusis,
436 301 718 348 interioribus
748 296 1095 341 membranaceis
1128 298 1254 354 apice
1285 298 1532 342 coloratis“
1564 298 1708 354 (Dec.
1741 301 1783 343 fl.
1814 300 1870 344 fr.
1899 302 2052 359 suppl.

271 383 311 424 p.
328 370 427 417 469,
468 365 591 413 1815,
626 357 906 400 Wenderoth.
940 357 986 398 in
1021 356 1201 400 Schrift.
1235 358 1273 399 d.
1296 357 1402 399 Ges.
1436 358 1479 403 d.
1513 359 1714 400 Naturw.
1747 375 1786 401 z.
1821 360 2054 416 Marburg.

271 428 362 470 26.
383 420 532 477 p.18‚)
567 431 693 473 quem
728 417 782 458 cl·
804 416 938 460 Nees.
972 417 1026 457 ab
1059 417 1125 470 E.‚
1158 419 1281 473 (gen.
1316 422 1358 458 et
1389 429 1508 471 spec.
1543 423 1748 459 asterear.
1783 406 1939 473 p.44j)
1973 421 2055 459 sub

271 484 481 524 varietate
515 497 559 523 α.
593 478 642 517 A.
677 474 837 515 Amelli
869 474 1211 530 comprehendit,
1245 475 1375 515 huius
1408 476 1600 517 varietas
1634 476 1692 517 sit
1724 490 1804 518 nec
1837 491 1905 529 ne,
1942 478 2056 518 diiu-

271 542 418 582 dicare
459 550 545 577 non
588 534 801 587 audeam,
855 546 984 587 quum
1032 533 1126 588 ipse
1169 533 1501 575 observationes
1544 534 1734 575 nondum
1770 535 2054 577 instituerim.

269 599 324 640 H.
358 598 384 639 l.
421 597 471 636 A.
505 592 764 635 amelloides
810 590 1048 633 Reichenb.
1083 591 1125 633 fl.
1160 605 1252 634 exc.
1285 605 1326 647 p.
1349 592 1461 644 246,
1504 591 1582 633 sed
1626 593 1743 636 circa
1775 593 2054 650 Mogontiam

268 669 354 698 non
386 654 562 698 crescit.

382 730 425 771 3.
474 726 525 767 A.
559 724 831 766 TmPoLmM
875 720 950 777 (L.
984 735 1052 777 sp.
1077 720 1232 777 1227.)
1276 721 1399 763 foliis
1431 721 1717 765 subcarnosis
1749 723 2052 766 lineari-lan-

268 786 450 829 ceolatis
483 782 684 840 margine
715 780 1181 830 serrulam-scabris,
1229 781 1354 820 caule
1400 779 1592 834 simplici
1638 781 1762 835 apice
1794 783 1863 822 vel
1898 797 1922 823 a
1953 782 2054 825 basi

267 857 468 896 ramoso,
513 841 648 884 ramis
691 838 992 894 corymbosis,
1036 838 1268 880 involucri
1300 846 1433 879 arcte
1465 838 1704 880 imbricati
1724 840 1908 893 foliolis
1938 842 2053 882 inte-

265 903 474 945 rior-ibus
520 898 810 954 longioribus
841 896 1039 938 obtusis.
1071 895 1147 953 Θ.
1181 897 1247 938 Ad
1283 897 1429 938 littora
1473 896 1636 948 maris,
1683 902 1724 938 et
1759 898 1970 939 australia
2014 903 2056 940 et

268 959 662 1016 septentrionalia,
695 962 736 998 et
767 956 821 998 ad
854 956 1036 997 salinas.
1099 957 1212 1012 Aug.
1250 954 1369 1010 Sept.
1420 954 1488 995 ΡΙ.
1523 955 1562 996 (1.
1595 956 1743 999 t.61.5.
1807 956 2056 1010 Tripolium

268 1022 453 1077 vulgare
485 1017 601 1059 Nees
634 1015 689 1058 ab
725 1014 774 1056 E.
818 1027 916 1069 gen.
950 1019 992 1056 et
1024 1027 1141 1069 spec.
1191 1020 1320 1055 aster.
1365 1028 1405 1069 p.
1425 1015 1519 1058 153.
1586 1014 1738 1054 Variat
1781 1014 1947 1056 foliolis
1990 1015 2056 1056 in-

268 1077 436 1120 volucri
469 1077 594 1132 apice
634 1073 867 1130 purpureis
901 1077 942 1114 et
973 1073 1078 1113 totis
1117 1072 1354 1113 viridibus.
1390 1095 1446 1103 -
1504 1075 1563 1113 A.
1598 1072 1898 1126 pannonicus
1930 1074 2054 1128 Jacq.

267 1137 374 1179 hort.
420 1135 542 1178 vind.
567 1139 603 1177 1.
635 1140 664 1174 t.
690 1134 744 1184 8,
790 1132 834 1172 in
879 1130 1005 1172 icone
1047 1130 1351 1182 involucrum,
1398 1132 1566 1185 absque
1610 1131 1742 1171 dubio
1789 1144 1840 1171 ex
1883 1131 2056 1172 incuria

266 1194 479 1252 pictoris,
524 1207 548 1235 e
579 1190 773 1246 simplici
810 1195 849 1230 et
882 1189 1056 1243 aequali
1089 1190 1336 1232 foliolorum
1371 1189 1485 1230 serie
1519 1186 1832 1243 compositum,
1866 1190 2055 1232 exbibet.

268 1254 411 1299 Quem
446 1253 669 1306 bucusque
701 1263 725 1290 e
757 1246 985 1289 Pannonia
1018 1250 1196 1304 accepi,
1233 1249 1271 1289 is
1305 1261 1330 1288 a
1360 1247 1541 1304 vulgari
1568 1248 1718 1302 planta
1751 1261 1834 1288 non
1868 1248 2051 1299 recedit,

265 1320 309 1356 et
339 1314 377 1353 b.
413 1311 539 1353 Host.
570 1314 704 1352 totam
736 1307 929 1362 speciem
962 1307 1113 1349 Asteri
1146 1306 1347 1364 Tripolin
1395 1310 1606 1362 tanquam
1638 1318 1919 1364 synonymon
1951 1306 2056 1347 sub-

260 1371 420 1426 junxit.
1971 1364 2027 1408 G.

381 1444 422 1487 4.
457 1443 508 1484 A.
543 1451 770 1483 SALIGNUS
805 1435 986 1493 (Willd.
1019 1449 1084 1491 sp.
1116 1434 1175 1490 pl.
1194 1437 1235 1479 3.
1268 1449 1311 1491 p.
1334 1435 1492 1493 2040.)
1527 1436 1665 1491 foliis·
1698 1436 1888 1478 caulinis
1922 1436 2056 1478 inter·

264 1503 424 1546 mediis
459 1499 736 1543 lanceolatis
768 1495 967 1552 margine
998 1494 1167 1536 scabris
1193 1502 1476 1537 attenuato·
1495 1495 1782 1536 acuminatis
1809 1495 1935 1535 basin
1962 1508 2058 1536 ver-

265 1577 342 1606 sus
384 1558 633 1616 angustatis
677 1556 820 1598 medio
863 1554 1160 1605 subserratiS,
1219 1554 1521 1609 superioribus
1566 1554 1830 1606 sessilibus‚
1891 1553 2056 1594 rameis

263 1617 803 1665 lanceolam-linearibus
835 1611 1137 1667 integerrimis
1171 1612 1403 1666 pedicellis
1445 1611 1690 1666 subaudis,
1742 1612 1875 1661 caule
1915 1611 2054 1665 pani·

266 1680 451 1731 culam,
485 1677 634 1718 ramis
667 1671 1042 1724 subrosae-mosis,
1088 1670 1307 1712 involucri
1339 1671 1509 1712 foliolis
1542 1670 1667 1718 laxis.
1702 1668 1769 1727 Q.
1814 1670 1881 1711 Ad
1913 1669 2055 1711 flumi-

265 1752 369 1780 num
413 1737 566 1792 ripas,
611 1734 676 1790 (a.
710 1733 753 1774 d.
789 1732 897 1772 Elbe
929 1744 970 1770 v.
1005 1728 1205 1770 Sachsen
1240 1730 1309 1771 bis
1342 1729 1547 1770 Holstein
1582 1728 1656 1769 hin
1689 1743 1730 1770 u.
1764 1728 1961 1780 wieder,
2010 1741 2054 1774 a.

266 1796 307 1839 d.
341 1795 496 1836 Werra
529 1793 599 1836 bei
632 1790 890 1841 Alleudorf,
933 1802 970 1829 a.
1006 1788 1047 1829 d.
1080 1787 1273 1830 Bistrica
1305 1788 1350 1829 in
1383 1787 1598 1841 Miihren,
1642 1800 1680 1829 a.
1715 1786 1755 1828 d.
1788 1787 1945 1827 Donau
1979 1785 2055 1828 bei

266 1855 439 1896 Irlbach
473 1854 518 1894 in
551 1849 768 1908 Bayern.)
804 1850 917 1905 Aug.
943 1845 1065 1902 Sept.
1100 1847 1151 1887 A.
1179 1847 1447 1888 salicifolius
1482 1845 1648 1887 Scholl.
1683 1847 1827 1900 suppl.
1859 1844 1901 1885 fl.
1930 1846 2053 1890 barb.

266 1927 307 1968 p.
325 1914 424 1957 328.
455 1925 494 1954 c.
524 1913 637 1952 icon.
682 1908 848 1950 Radius
875 1907 1021 1959 albus,
1047 1905 1237 1960 denique
1260 1905 1528 1946 dilutissime
1546 1905 1868 1955 caerulescens,
1904 1903 2055 1944 discus

265 1973 431 2022 luteus,
466 1970 655 2023 denique
684 1967 823 2008 rufus.
855 1989 913 1995 —-
973 1965 1025 2004 A.
1060 1963 1282 2020 salignus,
1316 1963 1492 2004 Wimm.
1527 1963 1569 2004 fl.
1603 1976 1644 2004 v,
1680 1962 1852 2004 Schles.
1885 1975 1928 2017 p.
1947 1963 2052 2007 303.

267 2043 293 2072 a
324 2030 377 2071 cl.
411 2035 585 2071 auctore
618 2039 783 2067 mecum
819 2022 1168 2065 communicatus
1201 2021 1255 2063 ad
1290 2022 1422 2063 aliam
1454 2021 1646 2076 speciem
1679 2021 1900 2075 pertinere
1929 2021 2052 2060 vide-

267 2094 362 2140 tur,
404 2088 481 2129 sed
515 2100 569 2129 ex
601 2097 686 2125 uno
718 2083 987 2138 specimine,
1033 2079 1304 2134 superiorem
1347 2080 1491 2121 caulis
1529 2084 1700 2135 partem
1732 2083 1900 2120 tantum
1933 2077 2051 2119 exhi·

264 2146 423 2197 bente,
459 2145 522 2187 nil
553 2143 661 2185 certi
695 2141 960 2184 constituere
992 2151 1183 2193 possum.

383 2204 541 2254 Plures
587 2201 760 2256 species
803 2199 1035 2240 Americae
1079 2195 1273 2238 borealis
1315 2193 1578 2253 indigenas,
1626 2194 1732 2237 hinc
1772 2193 1878 2236 inde
1923 2192 2054 2249 quasi

265 2269 420 2320 sponte
452 2259 788 2320 provenientes,
823 2270 909 2298 non
941 2254 1103 2311 recepi.

379 2367 420 2410 8.
468 2358 825 2406 GALATELLA
867 2355 1068 2413 (Cassin.
1089 2354 1206 2412 dict.
1239 2369 1299 2399 sc.
1331 2359 1420 2398 nat.
1446 2356 1514 2400 18.
1550 2369 1591 2412 p.
1612 2354 1710 2409 56.)
1753 2352 1909 2395 Flores
1941 2351 2055 2394 radii

263 2425 410 2467 neutri
442 2423 497 2466 ob
528 2422 695 2479 stylum
725 2419 858 2477 plane
889 2416 1165 2460 deficientem
1205 2416 1278 2457 vel
1320 2415 1531 2473 stigmata
1571 2413 1863 2470 incompleta3
1909 2416 2055 2454 cetera

262 2489 311 2527 ut
340 2481 527 2525 Asteris.

382 2571 420 2614 1.
455 2567 514 2610 G.
549 2578 669 2610 cANA
701 2562 842 2620 (Nees
867 2561 920 2604 ab
947 2562 999 2603 E.
1031 2573 1134 2619 gen.
1167 2563 1210 2601 et
1240 2573 1305 2616 sp.
1339 2564 1550 2602 asterear.
1585 2573 1626 2615 p.
1648 2556 1770 2612 165.)
1803 2555 1927 2599 foliis
1961 2554 2057 2596 lan-

262 2629 447 2672 ceolatis
481 2625 753 2668 mucronatis
785 2621 1087 2678 integerrimis
1124 2619 1350 2661 trinerviis
1393 2619 1617 2674 punctatis
1661 2616 1867 2669 utrinque
1910 2614 2057 2655 caule-

263 2701 347 2743 que
380 2682 907 2741 cano-pubescentibus,
951 2679 1079 2720 caule
1123 2691 1314 2733 superne
1352 2673 1922 2732 corymboso-paniculam.
1971 2667 2052 2724 21.

261 2747 318 2786 1η
351 2744 567 2795 dumetis,
618 2741 689 2795 (in
723 2741 865 2782 einem
899 2736 1147 2793 sumpfigen
1183 2735 1422 2777 Waldchen
1457 2735 1527 2776 bei
1559 2734 1732 2775 Mfinitz
1765 2732 1809 2771 in
1845 2729 2052 2782 Miihren,

261 2802 583 2854 Hochstetter.)
625 2801 740 2856 Aug.
775 2797 900 2851 Sept.
964 2796 1022 2840 G.
1057 2807 1298 2837 canescens
1332 2794 1458 2836 Cass.
1490 2795 1520 2836 l.
1553 2806 1589 2835 c.
1649 2791 1779 2832 Aster
1811 2801 1947 2830 canus
1981 2788 2051 2830 W.

260 2861 353 2904 Kit.
388 2862 447 2918 pl.
481 2875 516 2903 r.
548 2859 589 2900 h.
622 2863 654 2901 t.
680 2859 754 2902 30.
815 2854 986 2897 Radius
1019 2853 1246 2895 lilacinus.
1964 2845 2021 2888 G.

377 2962 419 3006 9.
451 2943 956 3003 BELLIDIASTRUM
988 2953 1191 3009 (Cassin.
1226 2952 1330 2995 dict.
1363 2966 1425 2995 sc.
1457 2954 1545 2993 nat.
1579 2947 1775 3004 suppl.4.
1796 2961 1835 3003 p.
1855 2949 1927 2999 70,
1962 2960 2050 2989 non

260 3020 498 3078 Lessing.)
531 3017 755 3060 Involucri
789 3015 945 3058 foliola
976 3011 1181 3067 aequalia
1213 3011 1469 3063 biserialia,
1503 3013 1647 3051 cetera
1679 3012 1725 3047 ut
1755 3008 1944 3048 Asteris.

381 3111 416 3151 1.
463 3108 514 3148 Β.
547 3107 780 3149 MIcHELn
826 3102 974 3150 (Cass.
1008 3099 1038 3140 l.
1072 3102 1131 3147 c.)
1178 3094 1257 3158 21,-
1307 3097 1359 3137 In
1403 3095 1513 3136 locis
1561 3092 1776 3147 glareosis
1810 3094 1974 3147 alpium
2009 3096 2052 3132 et

261 3165 510 3207 declivibus
553 3164 749 3206 humidis
793 3175 887 3218 reg.
921 3158 1281 3212 subalpinarum3
1330 3168 1425 3195 cum
1470 3152 1619 3193 fluviis
1662 3152 1708 3193 in
1754 3152 1961 3206 planities
1995 3149 2049 3191 ad

262 3223 403 3266 latera
453 3224 619 3277 alpium
667 3223 779 3263 sitas
827 3217 1131 3269 descendens,
1181 3212 1410 3268 (Schweiz
1450 3224 1492 3252 u.
1535 3209 1574 3251 d.
1611 3208 1650 3251 d.
1684 3225 1727 3267 g.
1760 3210 2050 3264 Alpenkette;

262 3280 623 3339 wurtemberger
663 3280 779 3338 Alp3
827 3276 1050 3334 Feldberg
1090 3275 1138 3319 in
1176 3271 1369 3327 Baden.)
1422 3268 1526 3314 Juu.
1558 3268 1649 3312 Jul.
1710 3267 1761 3310 Β.
1794 3273 2050 3366 montanfflm
