2200 3525
765 175 1254 232 CYPERACEAB.
1790 177 1895 227 ’735

130 339 273 396 (quae
286 338 437 382 eadem
452 351 638 396 squama
663 343 938 395 nuncupatur
955 343 996 381 et
1016 339 1228 382 ebraetea
1250 338 1461 383 exteriore
1487 340 1672 383 formata
1688 338 1780 397 est)
1799 341 1899 384 um·-

128 413 307 465 valvis-,-
339 414 406 454 vel
438 414 486 470 (e
509 413 696 454 bracteis
726 416 749 454 2
773 413 890 466 orta)
922 412 1128 466 bivalvis‚
1160 413 1337 454 vulvula
1363 412 1571 456 interiore
1595 414 1667 470 (in
1695 413 1896 470 Cypero)

129 484 253 527 rachi
287 484 462 535 adnata,
497 490 569 525 aut
598 485 668 538 (in
692 483 869 539 Carice)
909 485 951 525 iu
984 485 1201 526 urceolum
1235 485 1554 529 transformata.
1618 485 1899 543 Perigonium

126 557 173 598 in
215 565 362 610 setas,
408 555 554 611 (setas
597 556 856 613 hypogynas
889 556 941 597 R.
975 555 1205 610 Browu.,)
1235 558 1289 609 6,
1334 558 1509 612 plures,
1556 560 1624 602 vel
1664 559 1735 616 (in
1769 559 1897 604 Erio·

126 628 288 683 phoro)
324 628 555 685 copiosas,
601 629 744 670 rarius
776 629 928 670 abortu
962 631 1191 684 pauciores
1225 631 1459 684 partitum,
1505 639 1579 674 aut
1609 633 1899 675 obliteratum.

127 699 264 742 Stam.
298 701 352 752 3,
401 702 444 742 in
479 699 709 756 perigonio
742 707 967 742 sexsetoso
1000 701 1108 743 setis
1139 702 1365 758 opposita3
1408 704 1639 747 antherae
1670 706 1803 760 apice
1832 706 1900 748 in·

129 780 310 826 teyrae.
379 773 605 814 Ovarz’um
642 772 853 818 liberum.
918 773 1073 829 Stylus
1110 774 1145 818 1.
1207 773 1425 832 Stigmata
1454 779 1565 821 2-3.
1627 779 1729 820 Nux
1770 778 1901 820 trian-

124 844 296 907 gsularis
329 846 398 886 vel
433 858 711 901 compressa,
746 845 861 885 nuda
891 847 959 886 vel
992 846 1099 888 setis
1131 847 1355 905 perigonii
1379 849 1715 904 persistentibus
1740 852 1900 905 cincta,

125 917 197 957 vel
232 916 303 972 (in
337 916 515 974 Carice)
560 917 732 959 urceolo
777 911 908 958 aucto
946 919 1226 973 persistenti,
1273 921 1505 963 utriculum
1547 923 1742 978 spurium
1787 923 1905 967 exhi·

128 988 277 1041 benti,
321 989 522 1042 inclusa,
569 1003 658 1030 una
697 1002 792 1030 cum
835 989 1071 1045 perigonio
1115 992 1184 1033 vel
1229 992 1416 1035 utriculo
1451 993 1643 1037 decidua.
1707 995 1902 1053 Embryo

126 1061 336 1102 minimus
369 1063 414 1103 in
447 1062 542 1103 basi
575 1060 815 1102 albuminis
847 1060 1075 1103 farinacei.
1106 1086 1158 1092 —
1222 1063 1569 1119 Cypcracearum
1603 1068 1711 1110 folia
1741 1070 1903 1127 grami-

125 1147 226 1185 nea,
260 1134 452 1190 vaginae
483 1134 699 1189 integrae,
733 1145 757 1173 e
787 1132 965 1187 petiole,
999 1134 1044 1173 in
1077 1135 1283 1189 vaginam
1317 1146 1516 1193 connato,
1549 1140 1758 1182 formatae
1789 1142 1903 1184 insi·

130 1204 259 1259 dent3
291 1217 376 1246 non
410 1219 507 1246 raro
541 1218 713 1260 quoque
743 1218 923 1260 prorsus
956 1204 1181 1261 deficiunt,
1217 1209 1288 1250 vel
1322 1209 1376 1250 ad
1409 1219 1653 1254 mucronem
1687 1213 1801 1269 apici
1832 1226 1905 1256 va-

124 1277 259 1334 ginae
290 1277 544 1333 impositum
578 1277 758 1319 reducta
786 1283 1011 1332 apparent.
1062 1276 1330 1334 Superficies
1354 1282 1542 1340 vaginae
1568 1285 1748 1328 interior
1773 1299 1907 1329 mem·

125 1350 264 1391 brana
295 1351 518 1406 laevigata
549 1349 736 1391 obducta
768 1355 862 1403 est,
905 1356 1000 1392 orta
1032 1364 1054 1392 e
1087 1353 1298 1409 stipulis,
1339 1355 1530 1410 petiolo,
1574 1359 1750 1401 scilicet
1783 1359 1905 1418 vagi-

122 1436 234 1478 nae,
267 1422 386 1465 intus
419 1422 621 1474 adnatis,
657 1428 701 1463 ut
732 1421 776 1463 in
808 1420 1045 1480 Polygono
1078 1422 1332 1468 Persicaria
1362 1427 1587 1484 aliisque,
1634 1445 1744 1487 quae
1774 1445 1906 1473 mem·

127 1495 270 1538 brana
314 1509 399 1537 non
445 1508 542 1536 raro
586 1496 699 1536 ultra
740 1495 987 1552 marginem
1032 1496 1222 1552 vaginae
1261 1499 1501 1554 prominet,
1544 1501 1817 1560 ligulamque
1859 1505 1906 1547 in

127 1568 224 1610 basi
255 1568 353 1609 folii
398 1567 642 1609 constituit.
704 1567 892 1610 Anthela
936 1569 1226 1625 bracteaeque
1267 1571 1321 1612 ad
1365 1586 1579 1616 ramorum
1623 1578 1907 1619 ramulorum-

126 1655 211 1696 que
244 1640 374 1682 basin
408 1647 452 1681 ut
485 1639 527 1680 in
561 1640 805 1682 Juucaceis
837 1641 1050 1683 formatae
1079 1647 1207 1696 sunt3
1255 1644 1429 1688 bractea
1468 1646 1649 1691 interior
1690 1650 1737 1693 in
1781 1651 1907 1692 tubu-

125 1713 214 1756 lum
248 1727 421 1770 quoque
452 1713 686 1755 convoluta
717 1721 782 1754 est
813 1719 855 1756 et
885 1713 1086 1756 ocbream
1118 1715 1304 1760 exhibet.

151 1917 180 1960 t·
212 1858 366 1959 ¹lTrib.
401 1858 436 1901 Ι.
520 1857 896 1902 CJ'PEREAE.
974 1859 1130 1903 Flores
1186 1860 1557 1923 hermaphroditi3
1614 1865 1791 1925 glumae
1842 1867 1909 1912 di·

124 1931 146 1960 s
168 1931 209 1960 ic
242 1931 308 1959 ae.

244 2050 281 2090 1.
328 2045 609 2089 CYPERUS
644 2046 724 2103 (L.
759 2060 860 2103 gen.
893 2061 934 2089 n.
953 2048 1057 2104 66.)
1092 2048 1276 2106 Spicula
1307 2051 1511 2096 disticha.
1577 2054 1764 2098 Glumae
1797 2058 1908 2100 cari-

127 2109 285 2156 natae,
321 2119 617 2160 numerosae,
649 2105 907 2157 univalvcs,
955 2119 1105 2149 omnes
1139 2109 1384 2163 floriferae,
1429 2113 1498 2154 vel
1529 2116 1626 2156 2-3
1659 2115 1906 2158 infimarum

125 2165 320 2206 minores
354 2170 395 2206 et
427 2178 605 2206 vacuae.
669 2162 803 2205 Setae
835 2166 1152 2218 squamulaeve
1184 2170 1349 2210 nullae.
1381 2194 1439 2200 —
1500 2171 1549 2212 In
1583 2173 1782 2228 pluribus
1813 2187 1909 2230 spe·

127 2222 280 2263 ciebus
313 2223 493 2264 valvula
525 2222 709 2264 interior
743 2222 917 2277 glumae
949 2223 1102 2278 adest,
1151 2226 1228 2267 sed
1264 2228 1383 2269 rachi
1417 2229 1602 2284 adnata,
1646 2245 1774 2285 quam
1818 2233 1911 2274 ala-

123 2286 212 2322 tam
245 2280 411 2333 reddit3
454 2281 498 2321 in
543 2281 644 2327 aliis
690 2280 927 2335 speciebus
972 2287 1114 2324 autem
1148 2284 1256 2326 haec
1287 2287 1466 2328 valvula
1495 2287 1571 2329 vix
1613 2288 1908 2332 observabilis

123 2344 206 2386 est.
268 2338 468 2394 Cyperus
500 2345 542 2380 et
571 2339 755 2380 Picrcus
784 2337 839 2380 N.
873 2340 928 2382 ab
962 2338 1014 2382 E.
1050 2355 1149 2399 gen.
1171 2344 1210 2386 9.
1247 2346 1284 2386 1.
1316 2347 1364 2389 2.

245 2440 282 2481 1.
329 2437 377 2480 C.
413 2450 701 2480 renascens
736 2437 813 2494 (L.
845 2453 911 2495 sp.
935 2440 1033 2497 68.)
1068 2441 1245 2485 anthela
1277 2444 1536 2500 composita,
1570 2447 1775 2503 capitulis
1806 2450 1908 2492 sub-

123 2495 326 2538 rotundis
359 2497 671 2551 pedunculatis
713 2497 1060 2553 sessilibusq'ue,
1107 2501 1293 2555 spiculis
1335 2503 1593 2546 lanceolatis
1637 2520 1908 2562 compresso-

124 2554 298 2610 planis,
359 2553 520 2610 glumis
563 2555 951 2611 oblongo-ovatis
995 2557 1133 2598 dense
1188 2560 1461 2612 imbricatis,
1520 2564 1826 2618 stiymatibus
1856 2570 1905 2620 2,

124 2613 289 2654 nucula
320 2612 821 2653 subrutuudo-obovata
867 2627 1145 2669 compressa,
1200 2616 1427 2660 involucro
1471 2621 1769 2677 subtriphyllo
1811 2637 1901 2668 um·

125 2672 244 2713 bella
274 2671 500 2727 longiore,
545 2671 707 2712 radice
726 2671 928 2724 fibi-osa.
957 2671 1032 2729 Θ.
1078 2673 1129 2714 In
1169 2676 1352 2727 pascuis
1386 2676 1605 2731 humidis,
1651 2681 1764 2723 locis
1805 2683 1906 2726 udis

126 2735 169 2770 et
202 2728 443 2783 paludosis.
489 2728 582 2772 Jul.
614 2730 730 2783 Aug.
777 2730 831 2771 D.
867 2731 908 2770 fl.
935 2737 970 2772 ι.
1003 2732 1103 2774 421.
1158 2731 1220 2777 St.
1256 2733 1295 2774 h.
1318 2736 1385 2777 52.
1447 2732 1631 2778 Piereus
1663 2739 1906 2784 flavescens

126 2785 366 2829 Reichenb.
401 2786 442 2827 fl.
474 2800 567 2830 exc.
599 2800 640 2843 p.
663 2790 732 2832 72.
795 2787 983 2830 Glumue
1014 2788 1305 2833 flavescentes
1334 2792 1471 2851 plaga
1501 2793 1665 2841 dorsali
1705 2798 1800 2843 lata
1841 2799 1907 2842 vi-

125 2844 212 2886 ridi
245 2851 346 2887 ante
377 2846 546 2901 apicem
579 2852 891 2899 evanescente,
932 2861 1016 2890 non
1050 2848 1243 2890 striatae.

238 2949 280 2990 2.
315 2945 363 2988 C.
392 2958 557 2988 roseus
595 2945 668 3001 (L.
701 2959 766 3003 sp.
787 2948 883 3002 69.)
917 2949 1094 2990 anthela
1125 2948 1529 3006 subdecomposita,
1563 2955 1774 3011 capitulis
1805 2959 1904 3001 suh-

126 3004 327 3045 rotundis
359 3005 665 3060 pedunculatis
698 3006 1021 3061 sessilibusque
1054 3008 1098 3048 in
1131 3009 1261 3063 apice
1292 3022 1513 3052 ramorum
1544 3011 1792 3071 longiorum
1824 3030 1901 3073 ge-

127 3061 263 3103 minis
305 3062 526 3114 ternisve,
585 3064 774 3118 spiculis
816 3065 1059 3106 linearibus
1103 3069 1567 3124 compresso-planis,
1621 3073 1788 3128 glumis
1830 3076 1906 3118 ob-

127 3119 447 3176 longo-ovatis
481 3120 670 3176 denique
704 3122 865 3177 patulis
911 3128 952 3164 et
998 3122 1345 3178 remotiusculis,
1387 3127 1693 3184 stigmatibus
1721 3134 1785 3184 3,
1823 3140 1904 3174 nu·

129 3177 228 3218 cula
263 3178 460 3232 elliptiea
492 3180 698 3235 utrinque
729 3186 951 3222 attenuata
994 3188 1147 3236 argute
1188 3181 1429 3239 triquetra,
1476 3186 1707 3231 involucro
1743 3190 1902 3235 subiri-

128 3234 284 3288 phyllo
316 3236 510 3276 umbella
551 3237 778 3294 longiore,
823 3240 985 3280 radice
1014 3240 1216 3292 fibro-ra.
1248 3238 1322 3298 Θ.
1355 3241 1406 3283 In
1448 3240 1606 3287 iisdem
1651 3246 1764 3291 luel·
1805 3259 1902 3292 cun

129 3293 283 3348 priori,
316 3292 396 3337 sed
425 3294 572 3340 minus
605 3297 824 3355 vulgaris.
870 3296 959 3342 Jul.
983 3298 1097 3357 Aug.
1146 3299 1203 3343 D.
1232 3298 1276 3345 fl.
1298 3300 1337 3346 1.
1365 3300 1466 3348 421.
1510 3299 1578 3349 St.
1608 3302 1652 3350 h.
1676 3307 1749 3354 52.
1789 3305 1905 3351 Gin-
